<?xml version="1.0" encoding="UTF-8" ?><marc:collection xmlns:marc="http://www.loc.gov/MARC21/slim" xmlns:xsi="http://www.w3.org/2001/XMLSchema-instance" xsi:schemaLocation="http://www.loc.gov/MARC21/slim http://www.loc.gov/standards/marcxml/schema/MARC21slim.xsd">
<marc:record><marc:leader>01177ced a2200277 a 4500</marc:leader>
<marc:controlfield tag="001">5704402</marc:controlfield>
<marc:controlfield tag="005">20190628094132.0</marc:controlfield><marc:controlfield tag="007">aj canzn</marc:controlfield><marc:controlfield tag="008">090305s1920    nyu       b     0   eng  </marc:controlfield><marc:datafield tag="034" ind1="a" ind2=" "><marc:subfield code="a">a</marc:subfield><marc:subfield code="d">-074.151604</marc:subfield><marc:subfield code="e">-074.118001</marc:subfield><marc:subfield code="f">040.730787</marc:subfield><marc:subfield code="g">040.698454</marc:subfield><marc:subfield code="2">bound</marc:subfield></marc:datafield><marc:datafield tag="035" ind1=" " ind2=" "><marc:subfield code="a">5704402</marc:subfield></marc:datafield><marc:datafield tag="040" ind1=" " ind2=" "><marc:subfield code="a">NjP</marc:subfield><marc:subfield code="c">NjP</marc:subfield></marc:datafield><marc:datafield tag="043" ind1=" " ind2=" "><marc:subfield code="a">n-us-nj</marc:subfield></marc:datafield><marc:datafield tag="110" ind1="2" ind2=" "><marc:subfield code="a">Sanborn Map Company.</marc:subfield><marc:subfield code="0">http://id.loc.gov/authorities/names/n80082435</marc:subfield></marc:datafield><marc:datafield tag="245" ind1="1" ind2="0"><marc:subfield code="a">Newark, N.J., vol. 1</marc:subfield><marc:subfield code="h">[map].</marc:subfield></marc:datafield><marc:datafield tag="255" ind1=" " ind2=" "><marc:subfield code="a">Scales differ.</marc:subfield><marc:subfield code="c">(W 74°09ʹ05ʺ--W 74°07ʹ04ʺ/N 40°43ʹ50ʺ--N 40°41ʹ54ʺ).</marc:subfield></marc:datafield><marc:datafield tag="260" ind1=" " ind2=" "><marc:subfield code="a">[New York] :</marc:subfield><marc:subfield code="b">Sanborn Map Co.,</marc:subfield><marc:subfield code="c">1920.</marc:subfield></marc:datafield><marc:datafield tag="300" ind1=" " ind2=" "><marc:subfield code="a">1 map on 4 sheets :</marc:subfield><marc:subfield code="b">col. ;</marc:subfield><marc:subfield code="c">each 68 x 46 cm.</marc:subfield></marc:datafield><marc:datafield tag="500" ind1=" " ind2=" "><marc:subfield code="a">Sheets 91, 106, 108 and 113 of Insurance maps of Newark, N.J., vol. 1, series; sheets 91, 106 and 108: New sheet, Mar. 1920; sheet 113: Add'l sheet, Mar. 1920.</marc:subfield></marc:datafield><marc:datafield tag="650" ind1=" " ind2="0"><marc:subfield code="a">Real property</marc:subfield><marc:subfield code="z">New Jersey</marc:subfield><marc:subfield code="z">Newark</marc:subfield><marc:subfield code="v">Maps.</marc:subfield></marc:datafield><marc:datafield tag="651" ind1=" " ind2="0"><marc:subfield code="a">Newark (N.J.)</marc:subfield><marc:subfield code="v">Maps.</marc:subfield></marc:datafield><marc:datafield tag="655" ind1=" " ind2="7"><marc:subfield code="a">Fire insurance maps</marc:subfield><marc:subfield code="z">New Jersey</marc:subfield><marc:subfield code="z">Newark</marc:subfield><marc:subfield code="y">1920.</marc:subfield><marc:subfield code="2">aat</marc:subfield></marc:datafield><marc:datafield tag="655" ind1=" " ind2="7"><marc:subfield code="a">Maps</marc:subfield><marc:subfield code="z">New Jersey</marc:subfield><marc:subfield code="z">Newark</marc:subfield><marc:subfield code="y">1920.</marc:subfield><marc:subfield code="2">aat</marc:subfield></marc:datafield><marc:datafield tag="904" ind1=" " ind2=" "><marc:subfield code="a">gls</marc:subfield><marc:subfield code="b">g</marc:subfield><marc:subfield code="h">n</marc:subfield><marc:subfield code="c">p</marc:subfield><marc:subfield code="e">20090305</marc:subfield></marc:datafield><marc:datafield tag="902" ind1=" " ind2=" "><marc:subfield code="a">gls</marc:subfield><marc:subfield code="b">o</marc:subfield><marc:subfield code="6">e</marc:subfield><marc:subfield code="7">d</marc:subfield><marc:subfield code="d">v</marc:subfield><marc:subfield code="f">1</marc:subfield><marc:subfield code="e">20090306</marc:subfield></marc:datafield><marc:datafield tag="856" ind1="4" ind2="1"><marc:subfield code="u">http://arks.princeton.edu/ark:/88435/c821gn714</marc:subfield></marc:datafield></marc:record>