
<marc:record><marc:leader>02068cas a2200433Ma 4500</marc:leader>
<marc:controlfield tag="001">11015971</marc:controlfield>
<marc:controlfield tag="005">20190417145810.0</marc:controlfield><marc:controlfield tag="006">m     o  d |||||||</marc:controlfield><marc:controlfield tag="007">cr |n|||||||||</marc:controlfield><marc:controlfield tag="008">181029c19979999my qr p       0   a1eng d</marc:controlfield><marc:datafield tag="035" ind1=" " ind2=" "><marc:subfield code="a">(SFX)1000000000564612</marc:subfield></marc:datafield><marc:datafield tag="040" ind1=" " ind2=" "><marc:subfield code="a">MYIIU</marc:subfield><marc:subfield code="b">eng</marc:subfield><marc:subfield code="c">MYIIU</marc:subfield><marc:subfield code="d">OCLCO</marc:subfield><marc:subfield code="d">OCLCF</marc:subfield><marc:subfield code="d">OCLCO</marc:subfield><marc:subfield code="d">OCLCA</marc:subfield></marc:datafield><marc:datafield tag="022" ind1="0" ind2=" "><marc:subfield code="a">1511-970X</marc:subfield><marc:subfield code="z">0127-0206</marc:subfield></marc:datafield><marc:datafield tag="043" ind1=" " ind2=" "><marc:subfield code="a">a-my---</marc:subfield></marc:datafield><marc:datafield tag="050" ind1=" " ind2="4"><marc:subfield code="a">QH185</marc:subfield></marc:datafield><marc:datafield tag="090" ind1=" " ind2=" "><marc:subfield code="a">Electronic Resource</marc:subfield></marc:datafield><marc:datafield tag="245" ind1="0" ind2="0"><marc:subfield code="a">Malaysian naturalist</marc:subfield><marc:subfield code="h">[electronic resource]</marc:subfield></marc:datafield><marc:datafield tag="247" ind1="1" ind2="0"><marc:subfield code="a">Malayan naturalist</marc:subfield></marc:datafield><marc:datafield tag="260" ind1=" " ind2=" "><marc:subfield code="a">Kuala Lumpur, Malaysia :</marc:subfield><marc:subfield code="b">Malaysian Nature Society,</marc:subfield><marc:subfield code="c">2002.</marc:subfield></marc:datafield><marc:datafield tag="310" ind1=" " ind2=" "><marc:subfield code="a">Quarterly.</marc:subfield></marc:datafield><marc:datafield tag="336" ind1=" " ind2=" "><marc:subfield code="a">text</marc:subfield><marc:subfield code="b">txt</marc:subfield><marc:subfield code="2">rdacontent</marc:subfield></marc:datafield><marc:datafield tag="337" ind1=" " ind2=" "><marc:subfield code="a">computer</marc:subfield><marc:subfield code="b">c</marc:subfield><marc:subfield code="2">rdamedia</marc:subfield></marc:datafield><marc:datafield tag="338" ind1=" " ind2=" "><marc:subfield code="a">online resource</marc:subfield><marc:subfield code="b">cr</marc:subfield><marc:subfield code="2">rdacarrier</marc:subfield></marc:datafield><marc:datafield tag="362" ind1="0" ind2=" "><marc:subfield code="a">Vol. 51, no.2 (December 1997)-</marc:subfield></marc:datafield><marc:datafield tag="588" ind1=" " ind2=" "><marc:subfield code="a">Description based on Vol. 55, no. 3, 2002.</marc:subfield></marc:datafield><marc:datafield tag="500" ind1=" " ind2=" "><marc:subfield code="a">Title from cover.</marc:subfield></marc:datafield><marc:datafield tag="515" ind1=" " ind2=" "><marc:subfield code="a">Issues for &lt;Sept. 1978-Mar.-June 1979&gt; lack numerical designation; issues for Sept. 1979-Aug. 1997 called Vol. 33, no. 1-v. 51, no. 1 in conformity with the numbering of: Malayan nature journal.</marc:subfield></marc:datafield><marc:datafield tag="650" ind1=" " ind2="0"><marc:subfield code="a">Natural history</marc:subfield><marc:subfield code="z">Malaysia</marc:subfield><marc:subfield code="x">Periodicals.</marc:subfield></marc:datafield><marc:datafield tag="650" ind1=" " ind2="0"><marc:subfield code="a">Nature conservation</marc:subfield><marc:subfield code="z">Malaysia</marc:subfield><marc:subfield code="x">Periodicals.</marc:subfield></marc:datafield><marc:datafield tag="655" ind1=" " ind2="7"><marc:subfield code="a">Periodicals.</marc:subfield><marc:subfield code="2">fast</marc:subfield><marc:subfield code="0">(OCoLC)fst01411641</marc:subfield></marc:datafield><marc:datafield tag="650" ind1=" " ind2="7"><marc:subfield code="a">Natural history.</marc:subfield><marc:subfield code="2">fast</marc:subfield><marc:subfield code="0">(OCoLC)fst01034268</marc:subfield></marc:datafield><marc:datafield tag="650" ind1=" " ind2="7"><marc:subfield code="a">Nature conservation.</marc:subfield><marc:subfield code="2">fast</marc:subfield><marc:subfield code="0">(OCoLC)fst01034632</marc:subfield></marc:datafield><marc:datafield tag="651" ind1=" " ind2="7"><marc:subfield code="a">Malaysia.</marc:subfield><marc:subfield code="2">fast</marc:subfield><marc:subfield code="0">(OCoLC)fst01204590</marc:subfield></marc:datafield><marc:datafield tag="710" ind1="2" ind2=" "><marc:subfield code="a">Malayan Nature Society.</marc:subfield></marc:datafield><marc:datafield tag="730" ind1="0" ind2=" "><marc:subfield code="a">Malayan nature journal.</marc:subfield></marc:datafield><marc:datafield tag="772" ind1="0" ind2=" "><marc:subfield code="d">Petaling Jaya : Malaysian Nature Society, 1940-</marc:subfield><marc:subfield code="t">The Malayan nature journal</marc:subfield><marc:subfield code="x">0025-1291</marc:subfield></marc:datafield><marc:datafield tag="787" ind1=" " ind2=" "><marc:subfield code="d">Petaling Jaya : Malaysian Nature Society, 1940-</marc:subfield><marc:subfield code="t">The Malayan nature journal</marc:subfield><marc:subfield code="x">0025-1291</marc:subfield></marc:datafield><marc:datafield tag="856" ind1="4" ind2="0"><marc:subfield code="u">https://getit.princeton.edu/resolve?url_ver=Z39.88-2004&amp;ctx_ver=Z39.88-2004&amp;ctx_enc=info:ofi/enc:UTF-8&amp;rfr_id=info:sid/sfxit.com:opac_856&amp;url_ctx_fmt=info:ofi/fmt:kev:mtx:ctx&amp;sfx.ignore_date_threshold=1&amp;rft.object_id=1000000000564612&amp;svc_val_fmt=info:ofi/fmt:kev:mtx:sch_svc&amp;</marc:subfield><marc:subfield code="z">View Princeton's online holdings</marc:subfield></marc:datafield><marc:datafield tag="910" ind1=" " ind2=" "><marc:subfield code="b">(OCoLC)956779188</marc:subfield></marc:datafield></marc:record>