
<marc:record><marc:leader>01835nam a2200349Ia 4500</marc:leader>
<marc:controlfield tag="001">11304267</marc:controlfield>
<marc:controlfield tag="005">20190404205123.0</marc:controlfield><marc:controlfield tag="006">m     o  d        </marc:controlfield><marc:controlfield tag="007">cr mn |||||a|a</marc:controlfield><marc:controlfield tag="008">060802q16901699enka    s     000 0 eng d</marc:controlfield><marc:datafield tag="035" ind1=" " ind2=" "><marc:subfield code="9">(EEBO)ocm70804050e</marc:subfield></marc:datafield><marc:datafield tag="040" ind1=" " ind2=" "><marc:subfield code="a">UMI</marc:subfield><marc:subfield code="c">UMI</marc:subfield></marc:datafield><marc:datafield tag="037" ind1=" " ind2=" "><marc:subfield code="a">CL2105000002</marc:subfield><marc:subfield code="b">ProQuest Information and Learning 300 N. Zeeb Rd., Ann Arbor, MI 48103-1553</marc:subfield></marc:datafield><marc:datafield tag="049" ind1=" " ind2=" "><marc:subfield code="a">UMIA</marc:subfield></marc:datafield><marc:datafield tag="090" ind1=" " ind2=" "><marc:subfield code="a">Electronic Resource</marc:subfield></marc:datafield><marc:datafield tag="245" ind1="0" ind2="0"><marc:subfield code="a">Love in a maze; [or], The young-man pu[t to] his [dumps.] :</marc:subfield><marc:subfield code="b">[Being a gallant] discourse on May-Day last bewteen two [witty l]overs. Here in this song you may behold and see, a gallant girle obtained by wit and honesty. All yov that hear this song, and mark it but aright, may say true loves worth gold, and breeds much more deligh[t]. To a pleasant new tune, called, The true lovers delight, or The Cambridge horn.</marc:subfield></marc:datafield><marc:datafield tag="246" ind1="3" ind2="0"><marc:subfield code="a">Young man put to his dumps</marc:subfield></marc:datafield><marc:datafield tag="260" ind1=" " ind2=" "><marc:subfield code="a">London, :</marc:subfield><marc:subfield code="b">Printed for Richard Burton at the Horshoo in West Smithfield,</marc:subfield><marc:subfield code="c">[169?]</marc:subfield></marc:datafield><marc:datafield tag="300" ind1=" " ind2=" "><marc:subfield code="a">1 online resource (1 sheet ([1] pages) :</marc:subfield><marc:subfield code="b">ill.</marc:subfield></marc:datafield><marc:datafield tag="336" ind1=" " ind2=" "><marc:subfield code="a">text</marc:subfield><marc:subfield code="b">txt</marc:subfield><marc:subfield code="2">rdacontent</marc:subfield></marc:datafield><marc:datafield tag="337" ind1=" " ind2=" "><marc:subfield code="a">computer</marc:subfield><marc:subfield code="b">c</marc:subfield><marc:subfield code="2">rdamedia</marc:subfield></marc:datafield><marc:datafield tag="338" ind1=" " ind2=" "><marc:subfield code="a">online resource</marc:subfield><marc:subfield code="b">cr</marc:subfield><marc:subfield code="2">rdacarrier</marc:subfield></marc:datafield><marc:datafield tag="500" ind1=" " ind2=" "><marc:subfield code="a">Date of publication conjectured by cataloger from Wing (2nd ed.) L3209 and L3210.</marc:subfield></marc:datafield><marc:datafield tag="500" ind1=" " ind2=" "><marc:subfield code="a">Imperfect: print faded with loss of text.</marc:subfield></marc:datafield><marc:datafield tag="500" ind1=" " ind2=" "><marc:subfield code="a">Reproduction of original in the British Library.</marc:subfield></marc:datafield><marc:datafield tag="510" ind1="4" ind2=" "><marc:subfield code="a">Roxburghe ballads</marc:subfield><marc:subfield code="c">Rox.III.246</marc:subfield></marc:datafield><marc:datafield tag="510" ind1="4" ind2=" "><marc:subfield code="a">Early English books tract supplement interim guide</marc:subfield><marc:subfield code="c">C.20.f.9[246]</marc:subfield></marc:datafield><marc:datafield tag="650" ind1=" " ind2="0"><marc:subfield code="a">Ballads, English</marc:subfield><marc:subfield code="y">17th century.</marc:subfield></marc:datafield><marc:datafield tag="830" ind1=" " ind2="0"><marc:subfield code="a">Early English books online.</marc:subfield></marc:datafield><marc:datafield tag="945" ind1="a" ind2=" "><marc:subfield code="a">The two parts of this title are reversed on the film.</marc:subfield></marc:datafield><marc:datafield tag="994" ind1=" " ind2=" "><marc:subfield code="a">02</marc:subfield><marc:subfield code="b">UMI</marc:subfield></marc:datafield><marc:datafield tag="856" ind1="4" ind2="0"><marc:subfield code="u">http://gateway.proquest.com/openurl?ctx_ver=Z39.88-2003&amp;res_id=xri:eebo&amp;rft_val_fmt=&amp;rft_id=xri:eebo:image:192741</marc:subfield></marc:datafield></marc:record>