
<marc:record><marc:leader>01167cam a2200265 a 4500</marc:leader>
<marc:controlfield tag="001">4004197</marc:controlfield>
<marc:controlfield tag="005">20180327174524.0</marc:controlfield><marc:controlfield tag="008">940907s1926    gr f          000 0 greod</marc:controlfield><marc:datafield tag="035" ind1=" " ind2=" "><marc:subfield code="a">(OCoLC)ocm31058416</marc:subfield></marc:datafield><marc:datafield tag="035" ind1=" " ind2=" "><marc:subfield code="a">(MH)MHAZH16842HU</marc:subfield></marc:datafield><marc:datafield tag="035" ind1=" " ind2=" "><marc:subfield code="a">(CStRLIN)MAHGAZH16842-B</marc:subfield></marc:datafield><marc:datafield tag="040" ind1=" " ind2=" "><marc:subfield code="a">CIN</marc:subfield><marc:subfield code="c">CIN</marc:subfield><marc:subfield code="d">CIN</marc:subfield><marc:subfield code="d">OCL</marc:subfield><marc:subfield code="d">OCLCQ</marc:subfield><marc:subfield code="d">NjP</marc:subfield></marc:datafield><marc:datafield tag="035" ind1=" " ind2=" "><marc:subfield code="a">(OCoLC)31058416</marc:subfield></marc:datafield><marc:datafield tag="043" ind1=" " ind2=" "><marc:subfield code="a">e-gr---</marc:subfield></marc:datafield><marc:datafield tag="050" ind1=" " ind2="4"><marc:subfield code="a">DF951.M4</marc:subfield><marc:subfield code="b">K373 1926</marc:subfield></marc:datafield><marc:datafield tag="245" ind1="0" ind2="3"><marc:subfield code="a">Ta kata ton heortasmon tēs hekatontaetēridos tēs exodou tēs phrouras tou Mesolongiou, 1826-1926.</marc:subfield></marc:datafield><marc:datafield tag="260" ind1=" " ind2=" "><marc:subfield code="a">En Athēnais :</marc:subfield><marc:subfield code="b">Ek tou Grapheiou tēs Epitropēs tēs Hekatontaeteridos tou Mesolongiou,</marc:subfield><marc:subfield code="c">[1926?]</marc:subfield></marc:datafield><marc:datafield tag="300" ind1=" " ind2=" "><marc:subfield code="a">93, [3] p. :</marc:subfield><marc:subfield code="b">plates., ill. ;</marc:subfield><marc:subfield code="c">25 cm.</marc:subfield></marc:datafield><marc:datafield tag="500" ind1=" " ind2=" "><marc:subfield code="a">At head of title: Epitropē hekatontaetēridos Mesolongiou.</marc:subfield></marc:datafield><marc:datafield tag="541" ind1=" " ind2=" "><marc:subfield code="a">Gift of the Program in Hellenic Studies with the support of the Stanley J. Seeger Hellenic Fund.</marc:subfield><marc:subfield code="5">NjP</marc:subfield></marc:datafield><marc:datafield tag="651" ind1=" " ind2="0"><marc:subfield code="a">Mesolongion (Greece)</marc:subfield><marc:subfield code="x">History</marc:subfield><marc:subfield code="y">Siege, 1825-1826</marc:subfield><marc:subfield code="x">Centennial celebrations, etc.</marc:subfield></marc:datafield><marc:datafield tag="710" ind1="1" ind2=" "><marc:subfield code="a">Greece.</marc:subfield><marc:subfield code="b">Hypourgeion Stratiōtikōn.</marc:subfield><marc:subfield code="0">http://id.loc.gov/authorities/names/nr96025225</marc:subfield></marc:datafield><marc:datafield tag="904" ind1=" " ind2=" "><marc:subfield code="a">ac</marc:subfield><marc:subfield code="b">g</marc:subfield><marc:subfield code="h">m</marc:subfield><marc:subfield code="c">b</marc:subfield><marc:subfield code="e">20031020</marc:subfield></marc:datafield><marc:datafield tag="999" ind1=" " ind2=" "><marc:subfield code="a">4004197</marc:subfield></marc:datafield><marc:datafield tag="902" ind1=" " ind2=" "><marc:subfield code="a">gkd</marc:subfield><marc:subfield code="b">m</marc:subfield><marc:subfield code="6"></marc:subfield><marc:subfield code="7"></marc:subfield><marc:subfield code="d">v</marc:subfield><marc:subfield code="f">1</marc:subfield><marc:subfield code="e">20100302</marc:subfield></marc:datafield></marc:record>