
<marc:record><marc:leader>02085cam a2200397 a 4500</marc:leader>
<marc:controlfield tag="001">4004628</marc:controlfield>
<marc:controlfield tag="005">20180327174649.0</marc:controlfield><marc:controlfield tag="008">970206s1992    nju      bs  s000 0 eng d</marc:controlfield><marc:datafield tag="010" ind1=" " ind2=" "><marc:subfield code="a">   94621338 </marc:subfield></marc:datafield><marc:datafield tag="035" ind1=" " ind2=" "><marc:subfield code="a">(OCoLC)27250926</marc:subfield></marc:datafield><marc:datafield tag="035" ind1=" " ind2=" "><marc:subfield code="a">(CStRLIN)DCLC94621338-B</marc:subfield></marc:datafield><marc:datafield tag="040" ind1=" " ind2=" "><marc:subfield code="a">Nj</marc:subfield><marc:subfield code="c">Nj</marc:subfield><marc:subfield code="d">DLC</marc:subfield></marc:datafield><marc:datafield tag="042" ind1=" " ind2=" "><marc:subfield code="a">lccopycat</marc:subfield></marc:datafield><marc:datafield tag="043" ind1=" " ind2=" "><marc:subfield code="a">n-us-nj</marc:subfield></marc:datafield><marc:datafield tag="050" ind1="0" ind2="0"><marc:subfield code="a">RG627.2.U62</marc:subfield><marc:subfield code="b">N575 1992</marc:subfield></marc:datafield><marc:datafield tag="245" ind1="0" ind2="0"><marc:subfield code="a">Population-based surveillance and etiological research of adverse reproductive outcomes and toxic wastes.</marc:subfield><marc:subfield code="n">Report on phase IV-B.</marc:subfield><marc:subfield code="p">Public drinking water contamination and birthweight, and selected birth defects :</marc:subfield><marc:subfield code="b">a case-control study /</marc:subfield><marc:subfield code="c">Frank J. Bove ... [et al.].</marc:subfield></marc:datafield><marc:datafield tag="246" ind1="1" ind2="0"><marc:subfield code="a">Report on phase IV-B</marc:subfield></marc:datafield><marc:datafield tag="246" ind1="1" ind2="0"><marc:subfield code="a">Public drinking water contamination and birthweight, and selected birth defects</marc:subfield></marc:datafield><marc:datafield tag="260" ind1=" " ind2=" "><marc:subfield code="a">[New Jersey] :</marc:subfield><marc:subfield code="b">New Jersey Dept. of Health,</marc:subfield><marc:subfield code="c">[1992]</marc:subfield></marc:datafield><marc:datafield tag="300" ind1=" " ind2=" "><marc:subfield code="a">2 v. ;</marc:subfield><marc:subfield code="c">28 cm.</marc:subfield></marc:datafield><marc:datafield tag="500" ind1=" " ind2=" "><marc:subfield code="a">&quot;Project officer: Larry D. Edmonds, Division of Birth Defects and Developmental Disabilities, National Center for Environmental Health and Injury Control, Centers for Disease Control.&quot;</marc:subfield></marc:datafield><marc:datafield tag="500" ind1=" " ind2=" "><marc:subfield code="a">&quot;May, 1992.&quot;</marc:subfield></marc:datafield><marc:datafield tag="500" ind1=" " ind2=" "><marc:subfield code="a">[Vol. 2]: Appendix.</marc:subfield></marc:datafield><marc:datafield tag="500" ind1=" " ind2=" "><marc:subfield code="a">Includes bibliographical references.</marc:subfield></marc:datafield><marc:datafield tag="650" ind1=" " ind2="0"><marc:subfield code="a">Drinking water</marc:subfield><marc:subfield code="x">Contamination</marc:subfield><marc:subfield code="x">Health aspects</marc:subfield><marc:subfield code="z">New Jersey</marc:subfield><marc:subfield code="x">Statistics.</marc:subfield></marc:datafield><marc:datafield tag="650" ind1=" " ind2="0"><marc:subfield code="a">Hazardous wastes</marc:subfield><marc:subfield code="x">Health aspects</marc:subfield><marc:subfield code="z">New Jersey</marc:subfield><marc:subfield code="x">Statistics.</marc:subfield></marc:datafield><marc:datafield tag="650" ind1=" " ind2="0"><marc:subfield code="a">Reproductive toxicology</marc:subfield><marc:subfield code="z">New Jersey.</marc:subfield></marc:datafield><marc:datafield tag="650" ind1=" " ind2="0"><marc:subfield code="a">Abnormalities, Human</marc:subfield><marc:subfield code="x">Environmental aspects</marc:subfield><marc:subfield code="z">New Jersey</marc:subfield><marc:subfield code="x">Statistics.</marc:subfield></marc:datafield><marc:datafield tag="650" ind1=" " ind2="0"><marc:subfield code="a">Birth weight, Low</marc:subfield><marc:subfield code="x">Environmental aspects</marc:subfield><marc:subfield code="z">New Jersey</marc:subfield><marc:subfield code="x">Statistics.</marc:subfield></marc:datafield><marc:datafield tag="650" ind1=" " ind2="0"><marc:subfield code="a">Human reproduction</marc:subfield><marc:subfield code="x">Effect of chemicals on</marc:subfield><marc:subfield code="z">New Jersey</marc:subfield><marc:subfield code="x">Statistics.</marc:subfield></marc:datafield><marc:datafield tag="700" ind1="1" ind2=" "><marc:subfield code="a">Bové, Frank James,</marc:subfield><marc:subfield code="d">1917-</marc:subfield></marc:datafield><marc:datafield tag="710" ind1="1" ind2=" "><marc:subfield code="a">New Jersey.</marc:subfield><marc:subfield code="b">State Department of Health.</marc:subfield><marc:subfield code="0">http://id.loc.gov/authorities/names/n79135150</marc:subfield></marc:datafield><marc:datafield tag="710" ind1="2" ind2=" "><marc:subfield code="a">National Center for Environmental Health and Injury Control (U.S.).</marc:subfield><marc:subfield code="b">Division of Birth Defects and Developmental Disabilities.</marc:subfield><marc:subfield code="0">http://id.loc.gov/authorities/names/n97029068</marc:subfield></marc:datafield><marc:datafield tag="998" ind1=" " ind2=" "><marc:subfield code="s">9110</marc:subfield></marc:datafield><marc:datafield tag="902" ind1=" " ind2=" "><marc:subfield code="a">lro</marc:subfield><marc:subfield code="b">l</marc:subfield><marc:subfield code="6"></marc:subfield><marc:subfield code="7">m</marc:subfield><marc:subfield code="d">v</marc:subfield><marc:subfield code="f">1</marc:subfield><marc:subfield code="e">20031021</marc:subfield></marc:datafield><marc:datafield tag="904" ind1=" " ind2=" "><marc:subfield code="a">lro</marc:subfield><marc:subfield code="b">d</marc:subfield><marc:subfield code="h">m</marc:subfield><marc:subfield code="c">t</marc:subfield><marc:subfield code="e">20031021</marc:subfield></marc:datafield></marc:record>