
<marc:record><marc:leader>01086cam a2200229 a 4500</marc:leader>
<marc:controlfield tag="001">4004887</marc:controlfield>
<marc:controlfield tag="005">20180327174728.0</marc:controlfield><marc:controlfield tag="008">031021m20029999ru       b    000 0 ruso </marc:controlfield><marc:datafield tag="037" ind1=" " ind2=" "><marc:subfield code="a">ATA 2003 215 (vyp. 2)</marc:subfield></marc:datafield><marc:datafield tag="040" ind1=" " ind2=" "><marc:subfield code="a">NjP</marc:subfield><marc:subfield code="b">NjP</marc:subfield></marc:datafield><marc:datafield tag="245" ind1="0" ind2="0"><marc:subfield code="a">Problemy tipologii i︠a︡zykovykh edinit︠s︡ raznykh urovneĭ :</marc:subfield><marc:subfield code="b"></marc:subfield></marc:datafield><marc:datafield tag="260" ind1=" " ind2=" "><marc:subfield code="a">Biĭsk :</marc:subfield><marc:subfield code="b">NIt︠s︡ BPGU im. V.M. Shukshina,</marc:subfield><marc:subfield code="c">2002-</marc:subfield></marc:datafield><marc:datafield tag="300" ind1=" " ind2=" "><marc:subfield code="a">v. ;</marc:subfield><marc:subfield code="c">21 cm.</marc:subfield></marc:datafield><marc:datafield tag="500" ind1=" " ind2=" "><marc:subfield code="a">Description based on: Vypusk 2, published in 2002.</marc:subfield></marc:datafield><marc:datafield tag="504" ind1=" " ind2=" "><marc:subfield code="a">Includes bibliographical references.</marc:subfield></marc:datafield><marc:datafield tag="505" ind1="1" ind2=" "><marc:subfield code="a">vyp. 2. Materialy Vserossiĭskoĭ nauchno-prakticheskoĭ konferent︠s︡ii 14-15 noi︠a︡bri︠a︡ 2002 g.</marc:subfield></marc:datafield><marc:datafield tag="650" ind1=" " ind2="0"><marc:subfield code="a">Typology (Linguistics)</marc:subfield><marc:subfield code="0">http://id.loc.gov/authorities/subjects/sh85139174</marc:subfield></marc:datafield><marc:datafield tag="650" ind1=" " ind2="0"><marc:subfield code="a">Linguistic universals.</marc:subfield><marc:subfield code="0">http://id.loc.gov/authorities/subjects/sh85141082</marc:subfield></marc:datafield><marc:datafield tag="650" ind1=" " ind2="0"><marc:subfield code="a">Grammar, Comparative and general.</marc:subfield></marc:datafield><marc:datafield tag="710" ind1="2" ind2=" "><marc:subfield code="a">Biĭskiĭ pedagogicheskiĭ gosudarstvennyĭ universitet im. V.M. Shukshina.</marc:subfield><marc:subfield code="0">http://id.loc.gov/authorities/names/n2005033924</marc:subfield></marc:datafield><marc:datafield tag="904" ind1=" " ind2=" "><marc:subfield code="a">ark</marc:subfield><marc:subfield code="b">a</marc:subfield><marc:subfield code="h">n</marc:subfield><marc:subfield code="c">t</marc:subfield><marc:subfield code="e">20031021</marc:subfield></marc:datafield><marc:datafield tag="902" ind1=" " ind2=" "><marc:subfield code="a">ee</marc:subfield><marc:subfield code="b">o</marc:subfield><marc:subfield code="6">a</marc:subfield><marc:subfield code="7">m</marc:subfield><marc:subfield code="d">v</marc:subfield><marc:subfield code="f">1</marc:subfield><marc:subfield code="e">20031027</marc:subfield></marc:datafield></marc:record>