
<marc:record><marc:leader>01300cam a2200373 a 4500</marc:leader>
<marc:controlfield tag="001">4007028</marc:controlfield>
<marc:controlfield tag="005">20180327175240.0</marc:controlfield><marc:controlfield tag="008">030404s2002    gw       b    001 0 mul  </marc:controlfield><marc:datafield tag="010" ind1=" " ind2=" "><marc:subfield code="a">  2003488023</marc:subfield></marc:datafield><marc:datafield tag="020" ind1=" " ind2=" "><marc:subfield code="a">3825861902 (acid-free paper)</marc:subfield></marc:datafield><marc:datafield tag="035" ind1=" " ind2=" "><marc:subfield code="a">(GyWOH)har020093270</marc:subfield></marc:datafield><marc:datafield tag="035" ind1=" " ind2=" "><marc:subfield code="a">(CStRLIN)DCLC2003488023-B</marc:subfield></marc:datafield><marc:datafield tag="035" ind1=" " ind2=" "><marc:subfield code="a">(OCoLC)51984447</marc:subfield></marc:datafield><marc:datafield tag="035" ind1=" " ind2=" "><marc:subfield code="a">(WaOLN)M290000198</marc:subfield></marc:datafield><marc:datafield tag="035" ind1=" " ind2=" "><marc:subfield code="a">(CStRLIN)NYPGR51984447-B</marc:subfield></marc:datafield><marc:datafield tag="040" ind1=" " ind2=" "><marc:subfield code="a">DLC</marc:subfield><marc:subfield code="c">DLC</marc:subfield></marc:datafield><marc:datafield tag="041" ind1="0" ind2=" "><marc:subfield code="a">ger</marc:subfield><marc:subfield code="a">eng</marc:subfield><marc:subfield code="a">fre</marc:subfield></marc:datafield><marc:datafield tag="043" ind1=" " ind2=" "><marc:subfield code="a">e------</marc:subfield></marc:datafield><marc:datafield tag="050" ind1="0" ind2="0"><marc:subfield code="a">Z2000</marc:subfield><marc:subfield code="b">.J46 2002</marc:subfield><marc:subfield code="a">D1056.2.A38</marc:subfield></marc:datafield><marc:datafield tag="100" ind1="1" ind2=" "><marc:subfield code="a">Jensen, Jürgen,</marc:subfield><marc:subfield code="d">1938-</marc:subfield><marc:subfield code="0">http://id.loc.gov/authorities/names/n81017037</marc:subfield></marc:datafield><marc:datafield tag="245" ind1="1" ind2="0"><marc:subfield code="a">Afrikaner in Europa :</marc:subfield><marc:subfield code="b">eine Bibliographie = Africans in Europe : a bibliography = Africains en Europe : une bibliographie /</marc:subfield><marc:subfield code="c">Jürgen Jensen.</marc:subfield></marc:datafield><marc:datafield tag="246" ind1="3" ind2="1"><marc:subfield code="a">Africans in Europe</marc:subfield></marc:datafield><marc:datafield tag="246" ind1="3" ind2="1"><marc:subfield code="a">Africains en Europe</marc:subfield></marc:datafield><marc:datafield tag="260" ind1=" " ind2=" "><marc:subfield code="a">Münster :</marc:subfield><marc:subfield code="b">Lit,</marc:subfield><marc:subfield code="c">2002.</marc:subfield></marc:datafield><marc:datafield tag="300" ind1=" " ind2=" "><marc:subfield code="a">x, 111 p. ;</marc:subfield><marc:subfield code="c">21 cm.</marc:subfield></marc:datafield><marc:datafield tag="440" ind1=" " ind2="0"><marc:subfield code="a">Interethnische Beziehungen und Kulturwandel ;</marc:subfield><marc:subfield code="v">Bd. 51</marc:subfield></marc:datafield><marc:datafield tag="500" ind1=" " ind2=" "><marc:subfield code="a">Includes index.</marc:subfield></marc:datafield><marc:datafield tag="546" ind1=" " ind2=" "><marc:subfield code="a">Introduction in German, English, and French.</marc:subfield></marc:datafield><marc:datafield tag="650" ind1=" " ind2="0"><marc:subfield code="a">Africans</marc:subfield><marc:subfield code="z">Europe</marc:subfield><marc:subfield code="v">Bibliography.</marc:subfield></marc:datafield><marc:datafield tag="651" ind1=" " ind2="0"><marc:subfield code="a">Europe</marc:subfield><marc:subfield code="x">Ethnic relations</marc:subfield><marc:subfield code="v">Bibliography.</marc:subfield></marc:datafield><marc:datafield tag="904" ind1=" " ind2=" "><marc:subfield code="a">dld</marc:subfield><marc:subfield code="b">o</marc:subfield><marc:subfield code="h">m</marc:subfield><marc:subfield code="c">b</marc:subfield><marc:subfield code="e">20031027</marc:subfield></marc:datafield><marc:datafield tag="998" ind1=" " ind2=" "><marc:subfield code="s">9110</marc:subfield></marc:datafield><marc:datafield tag="999" ind1=" " ind2=" "><marc:subfield code="a">4007028</marc:subfield></marc:datafield><marc:datafield tag="902" ind1=" " ind2=" "><marc:subfield code="a">st9</marc:subfield><marc:subfield code="b">l</marc:subfield><marc:subfield code="6"></marc:subfield><marc:subfield code="7"></marc:subfield><marc:subfield code="d">v</marc:subfield><marc:subfield code="f">1</marc:subfield><marc:subfield code="e">20041214</marc:subfield></marc:datafield></marc:record>