
<marc:record><marc:leader>00894cam a2200229 a 4500</marc:leader>
<marc:controlfield tag="001">4007089</marc:controlfield>
<marc:controlfield tag="005">20180327175247.0</marc:controlfield><marc:controlfield tag="008">031027s2003    deu           001 0deng d</marc:controlfield><marc:datafield tag="020" ind1=" " ind2=" "><marc:subfield code="a">0842043187</marc:subfield></marc:datafield><marc:datafield tag="040" ind1=" " ind2=" "><marc:subfield code="a">NjP</marc:subfield><marc:subfield code="c">NjP</marc:subfield></marc:datafield><marc:datafield tag="043" ind1=" " ind2=" "><marc:subfield code="a">n-us---</marc:subfield></marc:datafield><marc:datafield tag="050" ind1="1" ind2="0"><marc:subfield code="a">JC599.U5</marc:subfield><marc:subfield code="b">A4453 2003</marc:subfield></marc:datafield><marc:datafield tag="245" ind1="0" ind2="0"><marc:subfield code="a">American Civil Liberties Union archives, 1950-1990.</marc:subfield><marc:subfield code="n">Series 3,</marc:subfield><marc:subfield code="p">Subject files.</marc:subfield></marc:datafield><marc:datafield tag="500" ind1=" " ind2=" "><marc:subfield code="a">&quot;Guide to the Scholarly Resources microfilm edition.&quot;</marc:subfield></marc:datafield><marc:datafield tag="260" ind1=" " ind2=" "><marc:subfield code="a">Wilmington, Del. :</marc:subfield><marc:subfield code="b">Scholarly Resources,</marc:subfield><marc:subfield code="c">2003.</marc:subfield></marc:datafield><marc:datafield tag="300" ind1=" " ind2=" "><marc:subfield code="a">xxviii, 238 p. ;</marc:subfield><marc:subfield code="c">28 cm.</marc:subfield></marc:datafield><marc:datafield tag="610" ind1="2" ind2="0"><marc:subfield code="a">American Civil Liberties Union</marc:subfield><marc:subfield code="x">Archives</marc:subfield><marc:subfield code="x">Indexes.</marc:subfield></marc:datafield><marc:datafield tag="650" ind1=" " ind2="0"><marc:subfield code="a">Civil rights</marc:subfield><marc:subfield code="z">United States</marc:subfield><marc:subfield code="x">History</marc:subfield><marc:subfield code="x">Sources</marc:subfield><marc:subfield code="x">Indexes.</marc:subfield></marc:datafield><marc:datafield tag="630" ind1="1" ind2="0"><marc:subfield code="a">American Civil Liberties Union archives</marc:subfield><marc:subfield code="x">Indexes.</marc:subfield></marc:datafield><marc:datafield tag="710" ind1="2" ind2=" "><marc:subfield code="a">American Civil Liberties Union.</marc:subfield><marc:subfield code="0">http://id.loc.gov/authorities/names/n79079580</marc:subfield></marc:datafield><marc:datafield tag="904" ind1=" " ind2=" "><marc:subfield code="a">dlj</marc:subfield><marc:subfield code="b">g</marc:subfield><marc:subfield code="h">m</marc:subfield><marc:subfield code="c">b</marc:subfield><marc:subfield code="e">20031027</marc:subfield></marc:datafield><marc:datafield tag="902" ind1=" " ind2=" "><marc:subfield code="a">df</marc:subfield><marc:subfield code="b">o</marc:subfield><marc:subfield code="6">df</marc:subfield><marc:subfield code="7"></marc:subfield><marc:subfield code="d">v</marc:subfield><marc:subfield code="f">2</marc:subfield><marc:subfield code="e">20031110</marc:subfield></marc:datafield></marc:record>