
<marc:record><marc:leader>01533cam a2200349 a 4500</marc:leader>
<marc:controlfield tag="001">4002851</marc:controlfield>
<marc:controlfield tag="005">20180327174028.0</marc:controlfield><marc:controlfield tag="008">030613s2002    mr       b    000 0 ara d</marc:controlfield><marc:datafield tag="020" ind1=" " ind2=" "><marc:subfield code="a">995482121X</marc:subfield></marc:datafield><marc:datafield tag="035" ind1=" " ind2=" "><marc:subfield code="a">(CStRLIN)MIUG04-B4620</marc:subfield></marc:datafield><marc:datafield tag="035" ind1=" " ind2=" "><marc:subfield code="a">(OCoLC)ocm52425997</marc:subfield></marc:datafield><marc:datafield tag="040" ind1=" " ind2=" "><marc:subfield code="a">OU</marc:subfield><marc:subfield code="c">OU</marc:subfield><marc:subfield code="d">CU</marc:subfield><marc:subfield code="d">MiU</marc:subfield><marc:subfield code="d">NjP</marc:subfield></marc:datafield><marc:datafield tag="043" ind1=" " ind2=" "><marc:subfield code="a">ma-----</marc:subfield></marc:datafield><marc:datafield tag="050" ind1=" " ind2="4"><marc:subfield code="a">PN2960.A67</marc:subfield><marc:subfield code="b">L85 2002</marc:subfield></marc:datafield><marc:datafield tag="066" ind1=" " ind2=" "><marc:subfield code="c">(3</marc:subfield></marc:datafield><marc:datafield tag="100" ind1="1" ind2=" "><marc:subfield code="6">880-01</marc:subfield><marc:subfield code="a">Lūlīdī, Yūnus.</marc:subfield></marc:datafield><marc:datafield tag="245" ind1="1" ind2="3"><marc:subfield code="6">880-02</marc:subfield><marc:subfield code="a">al-Masraḥ wa-al-madīnah :</marc:subfield><marc:subfield code="b">min masraḥat al-turāth ilá masraḥat al-maqdis /</marc:subfield><marc:subfield code="c">Yūnus Lūlīdī.</marc:subfield></marc:datafield><marc:datafield tag="250" ind1=" " ind2=" "><marc:subfield code="6">880-03</marc:subfield><marc:subfield code="a">al-Ṭabʻah 1.</marc:subfield></marc:datafield><marc:datafield tag="260" ind1=" " ind2=" "><marc:subfield code="6">880-04</marc:subfield><marc:subfield code="a">[Rabat] :</marc:subfield><marc:subfield code="b">Umniyah lil-Ibdāʻ wa-al-Tawāṣul al-Fannī wa-al-Adabī,</marc:subfield><marc:subfield code="c">2002.</marc:subfield></marc:datafield><marc:datafield tag="300" ind1=" " ind2=" "><marc:subfield code="a">118 p. ;</marc:subfield><marc:subfield code="c">21 cm.</marc:subfield></marc:datafield><marc:datafield tag="440" ind1=" " ind2="0"><marc:subfield code="6">880-05</marc:subfield><marc:subfield code="a">Silsilah al-Masraḥīyah ;</marc:subfield><marc:subfield code="v">3</marc:subfield></marc:datafield><marc:datafield tag="504" ind1=" " ind2=" "><marc:subfield code="a">Includes bibliographical references.</marc:subfield></marc:datafield><marc:datafield tag="546" ind1=" " ind2=" "><marc:subfield code="a">In Arabic.</marc:subfield></marc:datafield><marc:datafield tag="650" ind1=" " ind2="0"><marc:subfield code="a">Theater.</marc:subfield><marc:subfield code="0">http://id.loc.gov/authorities/subjects/sh85134522</marc:subfield></marc:datafield><marc:datafield tag="650" ind1=" " ind2="0"><marc:subfield code="a">Theater</marc:subfield><marc:subfield code="z">Arab countries.</marc:subfield><marc:subfield code="0">http://id.loc.gov/authorities/subjects/sh2010116235</marc:subfield></marc:datafield><marc:datafield tag="880" ind1="1" ind2=" "><marc:subfield code="6">100-01/(3/r</marc:subfield><marc:subfield code="a">لوليدي، يونس.</marc:subfield></marc:datafield><marc:datafield tag="880" ind1="1" ind2="2"><marc:subfield code="6">245-02/(3/r</marc:subfield><marc:subfield code="a">المسرح والمدينة :</marc:subfield><marc:subfield code="b">من مسرحة التراث إلى مسرحة المقدس /</marc:subfield><marc:subfield code="c">يونس لوليدي.</marc:subfield></marc:datafield><marc:datafield tag="880" ind1=" " ind2=" "><marc:subfield code="6">250-03/(3/r</marc:subfield><marc:subfield code="a">الطبعة 1.</marc:subfield></marc:datafield><marc:datafield tag="880" ind1=" " ind2=" "><marc:subfield code="6">260-04/(3/r</marc:subfield><marc:subfield code="a">[الرباط] :</marc:subfield><marc:subfield code="b">أمنية للإبداع والتواصل الفني والأدبي،</marc:subfield><marc:subfield code="c">2002.</marc:subfield></marc:datafield><marc:datafield tag="880" ind1="0" ind2=" "><marc:subfield code="6">490-05/(3/r</marc:subfield><marc:subfield code="a">السلسلة المسرحية ؛</marc:subfield><marc:subfield code="v">3</marc:subfield></marc:datafield><marc:datafield tag="904" ind1=" " ind2=" "><marc:subfield code="a">ay</marc:subfield><marc:subfield code="b">a</marc:subfield><marc:subfield code="h">m</marc:subfield><marc:subfield code="c">b</marc:subfield><marc:subfield code="e">20031017</marc:subfield></marc:datafield><marc:datafield tag="902" ind1=" " ind2=" "><marc:subfield code="a">kc</marc:subfield><marc:subfield code="b">m</marc:subfield><marc:subfield code="6">a</marc:subfield><marc:subfield code="7">m</marc:subfield><marc:subfield code="d">v</marc:subfield><marc:subfield code="f">1</marc:subfield><marc:subfield code="e">20051104</marc:subfield></marc:datafield></marc:record>