
<marc:record><marc:leader>02129cam a2200385 a 4500</marc:leader>
<marc:controlfield tag="001">4006599</marc:controlfield>
<marc:controlfield tag="005">20170518132458.0</marc:controlfield><marc:controlfield tag="008">021031s2002    mr ah    b    000 0 ara d</marc:controlfield><marc:datafield tag="035" ind1=" " ind2=" "><marc:subfield code="a">(OCoLC)52315006</marc:subfield></marc:datafield><marc:datafield tag="035" ind1=" " ind2=" "><marc:subfield code="a">(CStRLIN)CSUG04-B7313</marc:subfield></marc:datafield><marc:datafield tag="035" ind1=" " ind2=" "><marc:subfield code="a">(CStRLIN)DCLN02-B6813</marc:subfield></marc:datafield><marc:datafield tag="040" ind1=" " ind2=" "><marc:subfield code="d">NjP</marc:subfield></marc:datafield><marc:datafield tag="041" ind1="0" ind2=" "><marc:subfield code="a">ara</marc:subfield><marc:subfield code="a">fre</marc:subfield></marc:datafield><marc:datafield tag="043" ind1=" " ind2=" "><marc:subfield code="a">f-mr---</marc:subfield><marc:subfield code="a">f-ss---</marc:subfield></marc:datafield><marc:datafield tag="066" ind1=" " ind2=" "><marc:subfield code="c">(3</marc:subfield></marc:datafield><marc:datafield tag="090" ind1=" " ind2=" "><marc:subfield code="a">DT329.S36</marc:subfield><marc:subfield code="b">S26 2002</marc:subfield></marc:datafield><marc:datafield tag="245" ind1="0" ind2="3"><marc:subfield code="6">880-01</marc:subfield><marc:subfield code="a">al-Samārah, al-ḥāḍarah al-rūḥīyah wa-al-jihādīyah lil-Ṣaḥrāʾ al-Maghribīyah :</marc:subfield><marc:subfield code="b">nadwah munaẓẓamah bi-Madīnat al-Samārah, yawmay 1 wa-2 Fabrāyir 1999.</marc:subfield></marc:datafield><marc:datafield tag="246" ind1="1" ind2="5"><marc:subfield code="a">Smara, cité spirituelle du sahara marocain</marc:subfield></marc:datafield><marc:datafield tag="250" ind1=" " ind2=" "><marc:subfield code="6">880-02</marc:subfield><marc:subfield code="a">al-Ṭabʻah 2.</marc:subfield></marc:datafield><marc:datafield tag="260" ind1=" " ind2=" "><marc:subfield code="6">880-03</marc:subfield><marc:subfield code="a">Akādīr :</marc:subfield><marc:subfield code="b">Manshūrāt Kullīyat al-Ādāb wa-al-ʻUlūm al-Insānīyah,</marc:subfield><marc:subfield code="c">2002.</marc:subfield></marc:datafield><marc:datafield tag="300" ind1=" " ind2=" "><marc:subfield code="a">381 p. :</marc:subfield><marc:subfield code="b">ill., facsim. ;</marc:subfield><marc:subfield code="c">24 cm.</marc:subfield></marc:datafield><marc:datafield tag="490" ind1="1" ind2=" "><marc:subfield code="a">Manshūrāt Kullīyat al-Ādāb wa-al-ʻUlūm al-Insānīyah, Akādīr.</marc:subfield><marc:subfield code="a">Silsilat al-Nadawāt wa-al-ayyām al-dirāsīyah.</marc:subfield></marc:datafield><marc:datafield tag="504" ind1=" " ind2=" "><marc:subfield code="a">Includes bibliographical references.</marc:subfield></marc:datafield><marc:datafield tag="546" ind1=" " ind2=" "><marc:subfield code="a">Mainly in Arabic with an added t.p. and table of contents in French.</marc:subfield></marc:datafield><marc:datafield tag="650" ind1=" " ind2="0"><marc:subfield code="a">Cities and towns</marc:subfield><marc:subfield code="z">Morocco</marc:subfield><marc:subfield code="z">Smara</marc:subfield><marc:subfield code="v">Congresses.</marc:subfield></marc:datafield><marc:datafield tag="651" ind1=" " ind2="0"><marc:subfield code="a">Western Sahara</marc:subfield><marc:subfield code="x">History</marc:subfield><marc:subfield code="v">Congresses.</marc:subfield></marc:datafield><marc:datafield tag="651" ind1=" " ind2="0"><marc:subfield code="a">Smara (Morocco)</marc:subfield><marc:subfield code="x">History</marc:subfield><marc:subfield code="v">Congresses.</marc:subfield></marc:datafield><marc:datafield tag="830" ind1=" " ind2="0"><marc:subfield code="a">Manshūrāt Kullīyat al-Ādāb wa-al-ʻUlūm al-Insānīyah bi-Akādīr.</marc:subfield><marc:subfield code="p">Silsilat al-Uṭrūḥāt wa-al-rasāʾil</marc:subfield></marc:datafield><marc:datafield tag="880" ind1="1" ind2="2"><marc:subfield code="6">245-01/(3/r</marc:subfield><marc:subfield code="a">السمارة، الحضارة الروحية والجهادية للصحراء المغربية ؛</marc:subfield><marc:subfield code="b">ندوة منظمة بمدينة السمارة، يوم ١ و ٢ فبراير ١٩٩٩.</marc:subfield></marc:datafield><marc:datafield tag="880" ind1=" " ind2=" "><marc:subfield code="6">250-02/(3/r</marc:subfield><marc:subfield code="a">الطبعة ٢.</marc:subfield></marc:datafield><marc:datafield tag="880" ind1=" " ind2=" "><marc:subfield code="6">260-03/(3/r</marc:subfield><marc:subfield code="a">اكادير ؛</marc:subfield><marc:subfield code="b">منشورات كلية الاداب والعلوم الانسانية،</marc:subfield><marc:subfield code="c">٢٠٠٢.</marc:subfield></marc:datafield><marc:datafield tag="880" ind1=" " ind2=" "><marc:subfield code="6">490-14/(3/r</marc:subfield><marc:subfield code="a">منشورات كلية الآداب والعلوم الإنسانية، أكادير.</marc:subfield><marc:subfield code="p">سلسلة الندوات والأيام الدراسية</marc:subfield></marc:datafield><marc:datafield tag="904" ind1=" " ind2=" "><marc:subfield code="a">ay</marc:subfield><marc:subfield code="b">a</marc:subfield><marc:subfield code="h">m</marc:subfield><marc:subfield code="c">b</marc:subfield><marc:subfield code="e">20031024</marc:subfield></marc:datafield><marc:datafield tag="999" ind1=" " ind2=" "><marc:subfield code="a">4006599</marc:subfield></marc:datafield><marc:datafield tag="902" ind1=" " ind2=" "><marc:subfield code="a">jab</marc:subfield><marc:subfield code="b">m</marc:subfield><marc:subfield code="6">a</marc:subfield><marc:subfield code="7">m</marc:subfield><marc:subfield code="d">v</marc:subfield><marc:subfield code="f">1</marc:subfield><marc:subfield code="e">20051116</marc:subfield></marc:datafield></marc:record>