
<marc:record><marc:leader>01269cam a2200301   4500</marc:leader>
<marc:controlfield tag="001">4008683</marc:controlfield>
<marc:controlfield tag="005">20161203084715.0</marc:controlfield><marc:controlfield tag="008">681114s1968    ja            000 0 jpn  </marc:controlfield><marc:datafield tag="035" ind1=" " ind2=" "><marc:subfield code="a">(OCoLC)ocm14481893</marc:subfield></marc:datafield><marc:datafield tag="040" ind1=" " ind2=" "><marc:subfield code="a">NLM</marc:subfield><marc:subfield code="c">NLM</marc:subfield><marc:subfield code="d">OCL</marc:subfield><marc:subfield code="d">PUL</marc:subfield></marc:datafield><marc:datafield tag="066" ind1=" " ind2=" "><marc:subfield code="c">$1</marc:subfield></marc:datafield><marc:datafield tag="016" ind1="7" ind2=" "><marc:subfield code="a">0157204</marc:subfield><marc:subfield code="2">DNLM</marc:subfield></marc:datafield><marc:datafield tag="060" ind1="0" ind2="0"><marc:subfield code="a">WB 330</marc:subfield><marc:subfield code="b">Y23k 1968</marc:subfield></marc:datafield><marc:datafield tag="099" ind1=" " ind2=" "><marc:subfield code="a">J7970/2110</marc:subfield></marc:datafield><marc:datafield tag="100" ind1="1" ind2=" "><marc:subfield code="6">880-01</marc:subfield><marc:subfield code="a">Yamashita, Hiroshi.</marc:subfield></marc:datafield><marc:datafield tag="245" ind1="1" ind2="0"><marc:subfield code="6">880-02</marc:subfield><marc:subfield code="a">Kanpōyaku zensho;</marc:subfield><marc:subfield code="b">fu, kakujitsu ni kiku seiju ryoho. [Handbook of traditional Chinese drugs, including a chapter on effective green juice therapy]</marc:subfield><marc:subfield code="c">Yamashita Hiroshi cho.</marc:subfield></marc:datafield><marc:datafield tag="260" ind1=" " ind2=" "><marc:subfield code="6">880-03</marc:subfield><marc:subfield code="a">Tōkyō :</marc:subfield><marc:subfield code="b">Kin'ensha,</marc:subfield><marc:subfield code="c">Shōwa 43 [1968]</marc:subfield></marc:datafield><marc:datafield tag="300" ind1=" " ind2=" "><marc:subfield code="a">2, 33, 658 p.</marc:subfield><marc:subfield code="b">illus., plates</marc:subfield><marc:subfield code="c">19 cm.</marc:subfield></marc:datafield><marc:datafield tag="440" ind1=" " ind2="0"><marc:subfield code="6">880-04</marc:subfield><marc:subfield code="a">Jitsuyō hyakka sensho</marc:subfield></marc:datafield><marc:datafield tag="650" ind1=" " ind2="2"><marc:subfield code="a">Plants, Medicinal</marc:subfield><marc:subfield code="v">Popular Works.</marc:subfield></marc:datafield><marc:datafield tag="650" ind1=" " ind2="2"><marc:subfield code="a">Drug Therapy</marc:subfield><marc:subfield code="v">Popular Works.</marc:subfield></marc:datafield><marc:datafield tag="650" ind1=" " ind2="2"><marc:subfield code="a">Medicine, Oriental Traditional</marc:subfield><marc:subfield code="v">Popular Works.</marc:subfield></marc:datafield><marc:datafield tag="880" ind1="1" ind2=" "><marc:subfield code="6">100-01/$1</marc:subfield><marc:subfield code="a">山下弘.</marc:subfield></marc:datafield><marc:datafield tag="880" ind1="1" ind2="0"><marc:subfield code="6">245-02/$1</marc:subfield><marc:subfield code="a">漢方薬全書;</marc:subfield><marc:subfield code="b">fu, kakujitsu ni kiku seiju ryoho. [Handbook of traditional Chinese drugs, including a chapter on effective green juice therap</marc:subfield><marc:subfield code="c">山下弘著.</marc:subfield></marc:datafield><marc:datafield tag="880" ind1=" " ind2=" "><marc:subfield code="6">260-03/$1</marc:subfield><marc:subfield code="a">東京,</marc:subfield><marc:subfield code="b">金園社,</marc:subfield><marc:subfield code="c">昭和43 [1968]</marc:subfield></marc:datafield><marc:datafield tag="880" ind1="0" ind2=" "><marc:subfield code="6">490-04/$1</marc:subfield><marc:subfield code="a">実用百科選書</marc:subfield></marc:datafield><marc:datafield tag="945" ind1=" " ind2=" "><marc:subfield code="a">anxa</marc:subfield><marc:subfield code="c">J7970/2110</marc:subfield></marc:datafield><marc:datafield tag="994" ind1=" " ind2=" "><marc:subfield code="a">02</marc:subfield><marc:subfield code="b">PUL</marc:subfield></marc:datafield></marc:record>