
<marc:record><marc:leader>01379cam a2200349I  4500</marc:leader>
<marc:controlfield tag="001">4008868</marc:controlfield>
<marc:controlfield tag="005">20180327175831.0</marc:controlfield><marc:controlfield tag="008">890801s1968    cc h          000 0 chi  </marc:controlfield><marc:datafield tag="010" ind1=" " ind2=" "><marc:subfield code="a">   72840149 </marc:subfield></marc:datafield><marc:datafield tag="035" ind1=" " ind2=" "><marc:subfield code="a">(OCoLC)ocm20109236</marc:subfield></marc:datafield><marc:datafield tag="040" ind1=" " ind2=" "><marc:subfield code="a">DLC</marc:subfield><marc:subfield code="c">EEM</marc:subfield><marc:subfield code="d">OCL</marc:subfield><marc:subfield code="d">OCLCQ</marc:subfield><marc:subfield code="d">OCL</marc:subfield><marc:subfield code="d">PUL</marc:subfield></marc:datafield><marc:datafield tag="066" ind1=" " ind2=" "><marc:subfield code="c">$1</marc:subfield></marc:datafield><marc:datafield tag="050" ind1="0" ind2=" "><marc:subfield code="a">PL2448</marc:subfield><marc:subfield code="b">.L57 1968</marc:subfield></marc:datafield><marc:datafield tag="099" ind1=" " ind2=" "><marc:subfield code="a">2105.6/6151</marc:subfield></marc:datafield><marc:datafield tag="100" ind1="1" ind2=" "><marc:subfield code="6">880-01</marc:subfield><marc:subfield code="a">Luo, Zhenyu,</marc:subfield><marc:subfield code="d">1866-1940.</marc:subfield><marc:subfield code="0">http://id.loc.gov/authorities/names/n81076827</marc:subfield></marc:datafield><marc:datafield tag="245" ind1="1" ind2="0"><marc:subfield code="6">880-02</marc:subfield><marc:subfield code="a">Zhensong tang ji gu yi wen</marc:subfield><marc:subfield code="b">[16 juan] fu bu yi [3 juan] xu bian [3 juan]</marc:subfield><marc:subfield code="c">Luo Zhenyu zhuan ji.</marc:subfield></marc:datafield><marc:datafield tag="260" ind1=" " ind2=" "><marc:subfield code="6">880-03</marc:subfield><marc:subfield code="a">Xianggang :</marc:subfield><marc:subfield code="b">Cong ji shu dian,</marc:subfield><marc:subfield code="c">1968.</marc:subfield></marc:datafield><marc:datafield tag="300" ind1=" " ind2=" "><marc:subfield code="a">3 v.</marc:subfield><marc:subfield code="b">facsims.</marc:subfield><marc:subfield code="c">20 cm.</marc:subfield></marc:datafield><marc:datafield tag="440" ind1=" " ind2="0"><marc:subfield code="6">880-04</marc:subfield><marc:subfield code="a">Jin wen cong bian</marc:subfield></marc:datafield><marc:datafield tag="500" ind1=" " ind2=" "><marc:subfield code="a">Colophon title.</marc:subfield></marc:datafield><marc:datafield tag="500" ind1=" " ind2=" "><marc:subfield code="a">Library has: v.1-3.</marc:subfield><marc:subfield code="5">NjP-G</marc:subfield></marc:datafield><marc:datafield tag="650" ind1=" " ind2="0"><marc:subfield code="a">Inscriptions, Chinese.</marc:subfield><marc:subfield code="0">http://id.loc.gov/authorities/subjects/sh85066583</marc:subfield></marc:datafield><marc:datafield tag="650" ind1=" " ind2="0"><marc:subfield code="a">Bronzes</marc:subfield><marc:subfield code="z">China.</marc:subfield><marc:subfield code="0">http://id.loc.gov/authorities/subjects/sh95001064</marc:subfield></marc:datafield><marc:datafield tag="740" ind1="0" ind2=" "><marc:subfield code="6">880-05</marc:subfield><marc:subfield code="a">Ji gu yi wen.</marc:subfield></marc:datafield><marc:datafield tag="880" ind1="1" ind2=" "><marc:subfield code="6">100-01/$1</marc:subfield><marc:subfield code="a">羅振玉,</marc:subfield><marc:subfield code="d">1866-1940.</marc:subfield></marc:datafield><marc:datafield tag="880" ind1="1" ind2="0"><marc:subfield code="6">245-02/$1</marc:subfield><marc:subfield code="a">貞松堂集古遺文</marc:subfield><marc:subfield code="b">[16卷] 附補遺 [3卷] 續編 [3卷]</marc:subfield><marc:subfield code="c">羅振玉撰集.</marc:subfield></marc:datafield><marc:datafield tag="880" ind1=" " ind2=" "><marc:subfield code="6">260-03/$1</marc:subfield><marc:subfield code="a">香港,</marc:subfield><marc:subfield code="b">崇基書店,</marc:subfield><marc:subfield code="c">1968.</marc:subfield></marc:datafield><marc:datafield tag="880" ind1="0" ind2=" "><marc:subfield code="6">490-04/$1</marc:subfield><marc:subfield code="a">金文叢編</marc:subfield></marc:datafield><marc:datafield tag="880" ind1="0" ind2=" "><marc:subfield code="6">740-05/$1</marc:subfield><marc:subfield code="a">集古遺文.</marc:subfield></marc:datafield><marc:datafield tag="945" ind1=" " ind2=" "><marc:subfield code="a">anxa</marc:subfield><marc:subfield code="c">2105.6/6151</marc:subfield><marc:subfield code="f">v.1-3</marc:subfield></marc:datafield><marc:datafield tag="987" ind1=" " ind2=" "><marc:subfield code="a">PINYIN</marc:subfield><marc:subfield code="b">OCoLC</marc:subfield><marc:subfield code="c">20010618</marc:subfield><marc:subfield code="d">c</marc:subfield><marc:subfield code="e">06.12.2001</marc:subfield></marc:datafield><marc:datafield tag="994" ind1=" " ind2=" "><marc:subfield code="a">02</marc:subfield><marc:subfield code="b">PUL</marc:subfield></marc:datafield></marc:record>