
<marc:record><marc:leader>01269cam a2200313La 4500</marc:leader>
<marc:controlfield tag="001">4008886</marc:controlfield>
<marc:controlfield tag="005">20190705144620.0</marc:controlfield><marc:controlfield tag="008">000526s1928    ja a          000 0 jpn d</marc:controlfield><marc:datafield tag="040" ind1=" " ind2=" "><marc:subfield code="a">COO</marc:subfield><marc:subfield code="c">COO</marc:subfield><marc:subfield code="d">PUL</marc:subfield></marc:datafield><marc:datafield tag="066" ind1=" " ind2=" "><marc:subfield code="c">$1</marc:subfield></marc:datafield><marc:datafield tag="050" ind1=" " ind2="4"><marc:subfield code="a">PL753</marc:subfield><marc:subfield code="b">.Y85 v.79</marc:subfield></marc:datafield><marc:datafield tag="099" ind1=" " ind2=" "><marc:subfield code="a">J5880/4790 v.79</marc:subfield></marc:datafield><marc:datafield tag="035" ind1=" " ind2=" "><marc:subfield code="a">(OCoLC)ocm44470928</marc:subfield></marc:datafield><marc:datafield tag="245" ind1="0" ind2="0"><marc:subfield code="6">880-01</marc:subfield><marc:subfield code="a">Zenrin hōwashū /</marc:subfield><marc:subfield code="c">Miura Osamu henshū ;Take Ryūzō kōtei.</marc:subfield></marc:datafield><marc:datafield tag="260" ind1=" " ind2=" "><marc:subfield code="6">880-02</marc:subfield><marc:subfield code="a">Tōkyō :</marc:subfield><marc:subfield code="b">Yūhōdō,</marc:subfield><marc:subfield code="c">Shōwa 3 [1928]</marc:subfield></marc:datafield><marc:datafield tag="300" ind1=" " ind2=" "><marc:subfield code="a">2, 2, 612 p. :</marc:subfield><marc:subfield code="b">ill. ;</marc:subfield><marc:subfield code="c">18 cm.</marc:subfield></marc:datafield><marc:datafield tag="490" ind1="0" ind2=" "><marc:subfield code="6">880-03</marc:subfield><marc:subfield code="a">Yūhōdō bunko ;</marc:subfield><marc:subfield code="v">[79]</marc:subfield></marc:datafield><marc:datafield tag="505" ind1="0" ind2=" "><marc:subfield code="a">Bukkigun, Mizukagami, Ikkyū Oshō hōgo / Ikkyū cho -- Tōkai yawa / Takuan cho -- Seigan kana hōgo / Seigan cho -- Yasen kanna, Orategama, Orategama, Henhi ichigo, Sashimosō / Hakuin cho.</marc:subfield></marc:datafield><marc:datafield tag="650" ind1=" " ind2="0"><marc:subfield code="a">Rinzai (Sect)</marc:subfield><marc:subfield code="x">Doctrines</marc:subfield><marc:subfield code="v">Early works to 1800.</marc:subfield></marc:datafield><marc:datafield tag="650" ind1=" " ind2="0"><marc:subfield code="a">Zen Buddhism</marc:subfield><marc:subfield code="z">Japan</marc:subfield><marc:subfield code="v">Early works to 1800.</marc:subfield></marc:datafield><marc:datafield tag="700" ind1="1" ind2=" "><marc:subfield code="6">880-04</marc:subfield><marc:subfield code="a">Take, Ryūzō.</marc:subfield></marc:datafield><marc:datafield tag="774" ind1="0" ind2=" "><marc:subfield code="w">4009305</marc:subfield></marc:datafield><marc:datafield tag="880" ind1="0" ind2="0"><marc:subfield code="6">245-01/$1</marc:subfield><marc:subfield code="a">禪林法話集 /</marc:subfield><marc:subfield code="c">三浦理編輯 ;武笠三校訂.</marc:subfield></marc:datafield><marc:datafield tag="880" ind1=" " ind2=" "><marc:subfield code="6">260-02/$1</marc:subfield><marc:subfield code="a">東京 :</marc:subfield><marc:subfield code="b">有朋堂,</marc:subfield><marc:subfield code="c">昭和3 [1928].</marc:subfield></marc:datafield><marc:datafield tag="880" ind1=" " ind2="0"><marc:subfield code="6">440-03/$1</marc:subfield><marc:subfield code="a">有朋堂文庫 ;</marc:subfield><marc:subfield code="v">[79]</marc:subfield></marc:datafield><marc:datafield tag="880" ind1="1" ind2=" "><marc:subfield code="6">700-04/$1</marc:subfield><marc:subfield code="a">武笠三.</marc:subfield></marc:datafield><marc:datafield tag="945" ind1=" " ind2=" "><marc:subfield code="a">hyc</marc:subfield><marc:subfield code="c">J5880/4790 v.79</marc:subfield></marc:datafield><marc:datafield tag="994" ind1=" " ind2=" "><marc:subfield code="a">02</marc:subfield><marc:subfield code="b">PUL</marc:subfield></marc:datafield><marc:datafield tag="979" ind1=" " ind2=" "><marc:subfield code="a">(OCoLC)ocn153722481</marc:subfield></marc:datafield></marc:record>