
<marc:record><marc:leader>00936cam a2200313   4500</marc:leader>
<marc:controlfield tag="001">4057121</marc:controlfield>
<marc:controlfield tag="005">20141016093935.0</marc:controlfield><marc:controlfield tag="008">031126s1969    at       b    000 0 eng  </marc:controlfield><marc:datafield tag="010" ind1=" " ind2=" "><marc:subfield code="a">   77426988</marc:subfield></marc:datafield><marc:datafield tag="010" ind1=" " ind2=" "><marc:subfield code="a">   79000000 </marc:subfield></marc:datafield><marc:datafield tag="035" ind1=" " ind2=" "><marc:subfield code="a">(OCoLC)33070</marc:subfield></marc:datafield><marc:datafield tag="035" ind1=" " ind2=" "><marc:subfield code="a">(CStRLIN)RLINGEAC00206668-B</marc:subfield></marc:datafield><marc:datafield tag="035" ind1=" " ind2=" "><marc:subfield code="a">RLINNjP 18061443</marc:subfield></marc:datafield><marc:datafield tag="035" ind1=" " ind2=" "><marc:subfield code="9">CDZ1392TS</marc:subfield></marc:datafield><marc:datafield tag="040" ind1=" " ind2=" "><marc:subfield code="a">DLC</marc:subfield><marc:subfield code="c">DLC</marc:subfield><marc:subfield code="d">NIC</marc:subfield></marc:datafield><marc:datafield tag="050" ind1="0" ind2=" "><marc:subfield code="a">QK457</marc:subfield><marc:subfield code="b">.K55</marc:subfield></marc:datafield><marc:datafield tag="082" ind1=" " ind2=" "><marc:subfield code="a">582.13/0994/6</marc:subfield></marc:datafield><marc:datafield tag="100" ind1="1" ind2=" "><marc:subfield code="a">King, Herbert J.</marc:subfield></marc:datafield><marc:datafield tag="245" ind1="1" ind2="0"><marc:subfield code="a">Wildflowers of Tasmania /</marc:subfield><marc:subfield code="c">[by] H. J. King and T. E. Burns.</marc:subfield></marc:datafield><marc:datafield tag="260" ind1=" " ind2=" "><marc:subfield code="a">[Milton, Queensland] :</marc:subfield><marc:subfield code="b">Jacaranda Press,</marc:subfield><marc:subfield code="c">1969.</marc:subfield></marc:datafield><marc:datafield tag="300" ind1=" " ind2=" "><marc:subfield code="a">106 p.</marc:subfield><marc:subfield code="b">col. illus.</marc:subfield><marc:subfield code="c">14 cm.</marc:subfield></marc:datafield><marc:datafield tag="490" ind1="1" ind2=" "><marc:subfield code="a">Jacaranda wildflower guides ;</marc:subfield><marc:subfield code="v">5</marc:subfield></marc:datafield><marc:datafield tag="504" ind1=" " ind2=" "><marc:subfield code="a">Bibliography: p. 106.</marc:subfield></marc:datafield><marc:datafield tag="650" ind1=" " ind2=" "><marc:subfield code="a">Wild flowers</marc:subfield><marc:subfield code="z">Australia</marc:subfield><marc:subfield code="z">Tasmania.</marc:subfield></marc:datafield><marc:datafield tag="700" ind1="1" ind2=" "><marc:subfield code="a">Burns, T. E.</marc:subfield></marc:datafield><marc:datafield tag="830" ind1=" " ind2="0"><marc:subfield code="a">Jacaranda wildflower guides ;</marc:subfield><marc:subfield code="v">vol. 5</marc:subfield></marc:datafield><marc:datafield tag="998" ind1=" " ind2=" "><marc:subfield code="b">09/10/82</marc:subfield><marc:subfield code="d">09/14/82</marc:subfield></marc:datafield><marc:datafield tag="911" ind1=" " ind2=" "><marc:subfield code="a">19980220</marc:subfield></marc:datafield><marc:datafield tag="912" ind1=" " ind2=" "><marc:subfield code="a">19980107000000.0</marc:subfield></marc:datafield></marc:record>