
<marc:record><marc:leader>01272cam a2200301 a 4500</marc:leader>
<marc:controlfield tag="001">4150951</marc:controlfield>
<marc:controlfield tag="005">20190710144316.0</marc:controlfield><marc:controlfield tag="008">040122s2003    fr a     b    001 0 eng d</marc:controlfield><marc:datafield tag="040" ind1=" " ind2=" "><marc:subfield code="a">COO</marc:subfield><marc:subfield code="c">COO</marc:subfield><marc:subfield code="d">NjP</marc:subfield></marc:datafield><marc:datafield tag="020" ind1=" " ind2=" "><marc:subfield code="a">290591338X</marc:subfield></marc:datafield><marc:datafield tag="040" ind1=" " ind2=" "><marc:subfield code="a">NjP</marc:subfield><marc:subfield code="c">NjP</marc:subfield></marc:datafield><marc:datafield tag="043" ind1=" " ind2=" "><marc:subfield code="a">e-fr---</marc:subfield></marc:datafield><marc:datafield tag="050" ind1=" " ind2="4"><marc:subfield code="a">DC801.P75</marc:subfield><marc:subfield code="b">P647 2003</marc:subfield></marc:datafield><marc:datafield tag="019" ind1=" " ind2=" "><marc:subfield code="a">54918183</marc:subfield></marc:datafield><marc:datafield tag="035" ind1=" " ind2=" "><marc:subfield code="a">(OCoLC)ocm60189222</marc:subfield><marc:subfield code="z">(OCoLC)ocm54918183</marc:subfield></marc:datafield><marc:datafield tag="245" ind1="0" ind2="0"><marc:subfield code="a">Poissy :</marc:subfield><marc:subfield code="b">cité d'art, d'histoire et d'industrie : Yvelines /</marc:subfield><marc:subfield code="c">textes Sophie Cuelle ; avec la collaboration de Roselyne Bussiere ; et la participation de Jeanne Damamme, Laurence de Finance, Antoine Le Bas ; photographies, Jean-Bernard Vialles.</marc:subfield></marc:datafield><marc:datafield tag="260" ind1=" " ind2=" "><marc:subfield code="a">[Paris] :</marc:subfield><marc:subfield code="b">L'Inventaire,</marc:subfield><marc:subfield code="c">[2003]</marc:subfield></marc:datafield><marc:datafield tag="300" ind1=" " ind2=" "><marc:subfield code="a">127 p. :</marc:subfield><marc:subfield code="b">ill. (col.) ;</marc:subfield><marc:subfield code="c">31 cm.</marc:subfield></marc:datafield><marc:datafield tag="490" ind1="1" ind2=" "><marc:subfield code="a">Images du patrimoine ;</marc:subfield><marc:subfield code="v">224</marc:subfield></marc:datafield><marc:datafield tag="500" ind1=" " ind2=" "><marc:subfield code="a">Errata slip inserted.</marc:subfield></marc:datafield><marc:datafield tag="504" ind1=" " ind2=" "><marc:subfield code="a">Includes bibliographical references (p. 126) and index.</marc:subfield></marc:datafield><marc:datafield tag="651" ind1=" " ind2="0"><marc:subfield code="a">Poissy (France)</marc:subfield><marc:subfield code="x">History, Local</marc:subfield><marc:subfield code="v">Pictorial works.</marc:subfield></marc:datafield><marc:datafield tag="700" ind1="1" ind2=" "><marc:subfield code="a">Cuelle, Sophie.</marc:subfield></marc:datafield><marc:datafield tag="700" ind1="1" ind2=" "><marc:subfield code="a">Bussière, Roselyne</marc:subfield></marc:datafield><marc:datafield tag="710" ind1="2" ind2=" "><marc:subfield code="a">Inventaire général des monuments et des richesses artistiques de la France.</marc:subfield><marc:subfield code="0">http://id.loc.gov/authorities/names/n80131894</marc:subfield></marc:datafield><marc:datafield tag="830" ind1=" " ind2="0"><marc:subfield code="a">Images du patrimoine ;</marc:subfield><marc:subfield code="v">no 224.</marc:subfield></marc:datafield><marc:datafield tag="904" ind1=" " ind2=" "><marc:subfield code="a">ss</marc:subfield><marc:subfield code="b">a</marc:subfield><marc:subfield code="h">m</marc:subfield><marc:subfield code="c">b</marc:subfield><marc:subfield code="e">20040413</marc:subfield></marc:datafield><marc:datafield tag="902" ind1=" " ind2=" "><marc:subfield code="a">ss</marc:subfield><marc:subfield code="b">o</marc:subfield><marc:subfield code="6">a</marc:subfield><marc:subfield code="7">m</marc:subfield><marc:subfield code="d">v</marc:subfield><marc:subfield code="f">1</marc:subfield><marc:subfield code="e">20040413</marc:subfield></marc:datafield></marc:record>