
<marc:record><marc:leader>00729nam a22002415  4500</marc:leader>
<marc:controlfield tag="001">11502007</marc:controlfield>
<marc:controlfield tag="005">20190719185940.0</marc:controlfield><marc:controlfield tag="008">190601s2019    ne         ||| |  0 dut  </marc:controlfield><marc:datafield tag="020" ind1=" " ind2=" "><marc:subfield code="a">9789462583351</marc:subfield></marc:datafield><marc:datafield tag="035" ind1=" " ind2=" "><marc:subfield code="a">(NL-AmEBA)NTS311548</marc:subfield></marc:datafield><marc:datafield tag="040" ind1=" " ind2=" "><marc:subfield code="a">NL-AmEBA</marc:subfield><marc:subfield code="c">NL-AmEBA</marc:subfield></marc:datafield><marc:datafield tag="050" ind1=" " ind2="4"><marc:subfield code="a">D</marc:subfield></marc:datafield><marc:datafield tag="082" ind1="0" ind2="4"><marc:subfield code="a">900</marc:subfield><marc:subfield code="2">22</marc:subfield></marc:datafield><marc:datafield tag="100" ind1="1" ind2=" "><marc:subfield code="a">Heyning, Katie.</marc:subfield></marc:datafield><marc:datafield tag="245" ind1="1" ind2="0"><marc:subfield code="a">Van wijs en waan :</marc:subfield><marc:subfield code="b">250 jaar verzamelen. Zeeuws Genootschap 1769-2019 /</marc:subfield><marc:subfield code="c">Katie Heyning, Frenks, Gossije.</marc:subfield></marc:datafield><marc:datafield tag="260" ind1=" " ind2=" "><marc:subfield code="a">Zwolle :</marc:subfield><marc:subfield code="b">WBOOKS,</marc:subfield><marc:subfield code="c">2019.</marc:subfield></marc:datafield><marc:datafield tag="300" ind1=" " ind2=" "><marc:subfield code="a">208 p. ;</marc:subfield><marc:subfield code="c">cm.</marc:subfield></marc:datafield><marc:datafield tag="700" ind1="1" ind2=" "><marc:subfield code="a">Frenks, Veronica</marc:subfield></marc:datafield><marc:datafield tag="700" ind1="1" ind2=" "><marc:subfield code="a">Gossije, Marianne</marc:subfield></marc:datafield><marc:datafield tag="949" ind1=" " ind2=" "><marc:subfield code="a">UBGM</marc:subfield></marc:datafield><marc:datafield tag="960" ind1=" " ind2=" "><marc:subfield code="q">20190418</marc:subfield></marc:datafield><marc:datafield tag="980" ind1=" " ind2=" "><marc:subfield code="a">20190705</marc:subfield><marc:subfield code="b">28.51</marc:subfield><marc:subfield code="d">0.00</marc:subfield><marc:subfield code="e">28.51</marc:subfield><marc:subfield code="f">90118478</marc:subfield><marc:subfield code="g">1</marc:subfield><marc:subfield code="l">0.00</marc:subfield><marc:subfield code="n">90118478</marc:subfield><marc:subfield code="z">USD</marc:subfield></marc:datafield><marc:datafield tag="981" ind1=" " ind2=" "><marc:subfield code="a">20650</marc:subfield><marc:subfield code="c">90118478</marc:subfield><marc:subfield code="d">3926214</marc:subfield></marc:datafield></marc:record>