
<marc:record><marc:leader>02601cam a2200517Ia 4500</marc:leader>
<marc:controlfield tag="001">11500125</marc:controlfield>
<marc:controlfield tag="005">20190718190217.0</marc:controlfield><marc:controlfield tag="006">m     o  d        </marc:controlfield><marc:controlfield tag="007">cr mn |||||a|a</marc:controlfield><marc:controlfield tag="008">080714s1978    gw      ob    100 0 eng d</marc:controlfield><marc:datafield tag="010" ind1=" " ind2=" "><marc:subfield code="a">   78026079 </marc:subfield></marc:datafield><marc:datafield tag="019" ind1=" " ind2=" "><marc:subfield code="a">645724375</marc:subfield><marc:subfield code="a">681286705</marc:subfield><marc:subfield code="a">1001479199</marc:subfield><marc:subfield code="a">1036780524</marc:subfield><marc:subfield code="a">1038420030</marc:subfield><marc:subfield code="a">1046616056</marc:subfield><marc:subfield code="a">1065054379</marc:subfield></marc:datafield><marc:datafield tag="020" ind1=" " ind2=" "><marc:subfield code="a">3540355766</marc:subfield><marc:subfield code="q">(electronic bk.)</marc:subfield></marc:datafield><marc:datafield tag="020" ind1=" " ind2=" "><marc:subfield code="a">9783540355762</marc:subfield><marc:subfield code="q">(electronic bk.)</marc:subfield></marc:datafield><marc:datafield tag="020" ind1=" " ind2=" "><marc:subfield code="z">0387090959</marc:subfield></marc:datafield><marc:datafield tag="020" ind1=" " ind2=" "><marc:subfield code="z">3540090959</marc:subfield></marc:datafield><marc:datafield tag="020" ind1=" " ind2=" "><marc:subfield code="z">9780387090955</marc:subfield></marc:datafield><marc:datafield tag="020" ind1=" " ind2=" "><marc:subfield code="z">9783540090953</marc:subfield></marc:datafield><marc:datafield tag="035" ind1=" " ind2=" "><marc:subfield code="9">(SPRINGER)233909883</marc:subfield></marc:datafield><marc:datafield tag="035" ind1=" " ind2=" "><marc:subfield code="a">(OCoLC)233909883</marc:subfield></marc:datafield><marc:datafield tag="040" ind1=" " ind2=" "><marc:subfield code="a">SPLNP</marc:subfield><marc:subfield code="b">eng</marc:subfield><marc:subfield code="e">pn</marc:subfield><marc:subfield code="c">SPLNP</marc:subfield><marc:subfield code="d">SPLNP</marc:subfield><marc:subfield code="d">GW5XE</marc:subfield><marc:subfield code="d">OCLCQ</marc:subfield><marc:subfield code="d">GW5XE</marc:subfield><marc:subfield code="d">OCLCE</marc:subfield><marc:subfield code="d">OCLCF</marc:subfield><marc:subfield code="d">OCLCQ</marc:subfield><marc:subfield code="d">OCLCO</marc:subfield><marc:subfield code="d">OCL</marc:subfield><marc:subfield code="d">OCLCO</marc:subfield><marc:subfield code="d">OCLCQ</marc:subfield><marc:subfield code="d">UAB</marc:subfield><marc:subfield code="d">OCLCQ</marc:subfield><marc:subfield code="d">LHU</marc:subfield></marc:datafield><marc:datafield tag="050" ind1=" " ind2="4"><marc:subfield code="a">QC794.8.E4</marc:subfield><marc:subfield code="b">W67 1978</marc:subfield></marc:datafield><marc:datafield tag="082" ind1="0" ind2="4"><marc:subfield code="a">539.7/54</marc:subfield></marc:datafield><marc:datafield tag="090" ind1=" " ind2=" "><marc:subfield code="a">Electronic Resource</marc:subfield></marc:datafield><marc:datafield tag="111" ind1="2" ind2=" "><marc:subfield code="a">Workshop on Few-Body Systems and Electromagnetic Interactions</marc:subfield><marc:subfield code="d">(1978 :</marc:subfield><marc:subfield code="c">Frascati, Italy)</marc:subfield><marc:subfield code="0">http://id.loc.gov/authorities/names/n79025624</marc:subfield></marc:datafield><marc:datafield tag="245" ind1="1" ind2="0"><marc:subfield code="a">Few body systems and electromagnetic interactions :</marc:subfield><marc:subfield code="b">proceedings of the workshop held in Frascati (Italy), March 7-10, 1978 /</marc:subfield><marc:subfield code="c">edited by C. Ciofi Degli Atti and E. De Sanctis.</marc:subfield></marc:datafield><marc:datafield tag="264" ind1=" " ind2="1"><marc:subfield code="a">Berlin ;</marc:subfield><marc:subfield code="a">New York :</marc:subfield><marc:subfield code="b">Springer-Verlag,</marc:subfield><marc:subfield code="c">1978.</marc:subfield></marc:datafield><marc:datafield tag="300" ind1=" " ind2=" "><marc:subfield code="a">1 online resource (vi, 352 pages) :</marc:subfield><marc:subfield code="b">graphs</marc:subfield></marc:datafield><marc:datafield tag="336" ind1=" " ind2=" "><marc:subfield code="a">text</marc:subfield><marc:subfield code="b">txt</marc:subfield><marc:subfield code="2">rdacontent</marc:subfield></marc:datafield><marc:datafield tag="337" ind1=" " ind2=" "><marc:subfield code="a">computer</marc:subfield><marc:subfield code="b">c</marc:subfield><marc:subfield code="2">rdamedia</marc:subfield></marc:datafield><marc:datafield tag="338" ind1=" " ind2=" "><marc:subfield code="a">online resource</marc:subfield><marc:subfield code="b">cr</marc:subfield><marc:subfield code="2">rdacarrier</marc:subfield></marc:datafield><marc:datafield tag="490" ind1="1" ind2=" "><marc:subfield code="a">Lecture notes in physics,</marc:subfield><marc:subfield code="x">1616-6361 ;</marc:subfield><marc:subfield code="v">86</marc:subfield></marc:datafield><marc:datafield tag="504" ind1=" " ind2=" "><marc:subfield code="a">Includes bibliographical references.</marc:subfield></marc:datafield><marc:datafield tag="588" ind1="0" ind2=" "><marc:subfield code="a">Print version record.</marc:subfield></marc:datafield><marc:datafield tag="650" ind1=" " ind2="0"><marc:subfield code="a">Electromagnetic interactions</marc:subfield><marc:subfield code="v">Congresses.</marc:subfield><marc:subfield code="0">http://id.loc.gov/authorities/subjects/sh2008119288</marc:subfield></marc:datafield><marc:datafield tag="650" ind1=" " ind2="0"><marc:subfield code="a">Few-body problem</marc:subfield><marc:subfield code="v">Congresses.</marc:subfield><marc:subfield code="0">http://id.loc.gov/authorities/subjects/sh2008120434</marc:subfield></marc:datafield><marc:datafield tag="650" ind1=" " ind2="7"><marc:subfield code="a">Electromagnetic interactions.</marc:subfield><marc:subfield code="2">fast</marc:subfield><marc:subfield code="0">(OCoLC)fst00906549</marc:subfield></marc:datafield><marc:datafield tag="650" ind1=" " ind2="7"><marc:subfield code="a">Few-body problem.</marc:subfield><marc:subfield code="2">fast</marc:subfield><marc:subfield code="0">(OCoLC)fst00923539</marc:subfield></marc:datafield><marc:datafield tag="655" ind1=" " ind2="7"><marc:subfield code="a">Conference papers and proceedings.</marc:subfield><marc:subfield code="2">fast</marc:subfield><marc:subfield code="0">(OCoLC)fst01423772</marc:subfield></marc:datafield><marc:datafield tag="700" ind1="1" ind2=" "><marc:subfield code="a">Ciofi Degli Atti, C.</marc:subfield><marc:subfield code="0">http://id.loc.gov/authorities/names/n84234150</marc:subfield></marc:datafield><marc:datafield tag="700" ind1="1" ind2=" "><marc:subfield code="a">De Sanctis, E.</marc:subfield><marc:subfield code="q">(Enzo)</marc:subfield><marc:subfield code="0">http://id.loc.gov/authorities/names/nr91003664</marc:subfield></marc:datafield><marc:datafield tag="730" ind1="0" ind2=" "><marc:subfield code="a">Springer book archives.</marc:subfield></marc:datafield><marc:datafield tag="773" ind1="0" ind2=" "><marc:subfield code="t">Springer eBooks.</marc:subfield></marc:datafield><marc:datafield tag="776" ind1="0" ind2="8"><marc:subfield code="i">Print version:Workshop on Few-Body Systems and Electromagnetic Interactions (1978 : Frascati, Italy).</marc:subfield><marc:subfield code="t">Few body systems and electromagnetic interactions.</marc:subfield><marc:subfield code="d">Berlin ; New York : Springer-Verlag, 1978</marc:subfield><marc:subfield code="z">0387090959</marc:subfield><marc:subfield code="w">(DLC)   78026079</marc:subfield><marc:subfield code="w">(OCoLC)4494525</marc:subfield></marc:datafield><marc:datafield tag="830" ind1=" " ind2="0"><marc:subfield code="a">Lecture notes in physics ;</marc:subfield><marc:subfield code="v">86.</marc:subfield><marc:subfield code="x">1616-6361</marc:subfield></marc:datafield><marc:datafield tag="856" ind1="4" ind2="0"><marc:subfield code="u">http://link.springer.com/10.1007/3-540-09095-9</marc:subfield></marc:datafield></marc:record>