
<marc:record><marc:leader>00773nam a22002415  4500</marc:leader>
<marc:controlfield tag="001">11501847</marc:controlfield>
<marc:controlfield tag="005">20190719185829.0</marc:controlfield><marc:controlfield tag="008">190607s2019    be         ||| |  0 fre  </marc:controlfield><marc:datafield tag="020" ind1=" " ind2=" "><marc:subfield code="a">9782873175351</marc:subfield></marc:datafield><marc:datafield tag="035" ind1=" " ind2=" "><marc:subfield code="a">(NL-AmEBA)NTS315242</marc:subfield></marc:datafield><marc:datafield tag="040" ind1=" " ind2=" "><marc:subfield code="a">NL-AmEBA</marc:subfield><marc:subfield code="c">NL-AmEBA</marc:subfield></marc:datafield><marc:datafield tag="050" ind1=" " ind2="4"><marc:subfield code="a">N6490</marc:subfield></marc:datafield><marc:datafield tag="082" ind1="0" ind2="4"><marc:subfield code="a">700.411</marc:subfield><marc:subfield code="2">22</marc:subfield></marc:datafield><marc:datafield tag="100" ind1="1" ind2=" "><marc:subfield code="a">Noble, Claire.</marc:subfield></marc:datafield><marc:datafield tag="245" ind1="1" ind2="0"><marc:subfield code="a">'Dirty corner' d'Anish Kapoor :</marc:subfield><marc:subfield code="b">Chronique d'une oeuvre - entre violence artistique et violence politiqe /</marc:subfield><marc:subfield code="c">Claire Noble, Lefebvre.</marc:subfield></marc:datafield><marc:datafield tag="260" ind1=" " ind2=" "><marc:subfield code="a">Bruxelles :</marc:subfield><marc:subfield code="b">La Lettre Volée,</marc:subfield><marc:subfield code="c">2019.</marc:subfield></marc:datafield><marc:datafield tag="300" ind1=" " ind2=" "><marc:subfield code="a">114 p. ;</marc:subfield><marc:subfield code="c">cm.</marc:subfield></marc:datafield><marc:datafield tag="490" ind1="0" ind2=" "><marc:subfield code="a">Palimpsestes</marc:subfield></marc:datafield><marc:datafield tag="700" ind1="1" ind2=" "><marc:subfield code="a">Lefebvre, Thierry</marc:subfield></marc:datafield><marc:datafield tag="949" ind1=" " ind2=" "><marc:subfield code="a">UBGM</marc:subfield></marc:datafield><marc:datafield tag="960" ind1=" " ind2=" "><marc:subfield code="q">20190528</marc:subfield></marc:datafield><marc:datafield tag="980" ind1=" " ind2=" "><marc:subfield code="a">20190705</marc:subfield><marc:subfield code="b">21.71</marc:subfield><marc:subfield code="d">0.00</marc:subfield><marc:subfield code="e">21.71</marc:subfield><marc:subfield code="f">90118476</marc:subfield><marc:subfield code="g">1</marc:subfield><marc:subfield code="l">0.00</marc:subfield><marc:subfield code="n">90118476</marc:subfield><marc:subfield code="z">USD</marc:subfield></marc:datafield><marc:datafield tag="981" ind1=" " ind2=" "><marc:subfield code="a">20650</marc:subfield><marc:subfield code="c">90118476</marc:subfield><marc:subfield code="d">3926188</marc:subfield></marc:datafield></marc:record>