
<marc:record><marc:leader>02905cam a2200613Ia 4500</marc:leader>
<marc:controlfield tag="001">11500580</marc:controlfield>
<marc:controlfield tag="005">20190718190317.0</marc:controlfield><marc:controlfield tag="006">m     o  d        </marc:controlfield><marc:controlfield tag="007">cr mn |||||a|a</marc:controlfield><marc:controlfield tag="008">081017s2005    gw a    ob    001 0 eng d</marc:controlfield><marc:datafield tag="016" ind1="7" ind2=" "><marc:subfield code="a">013226242</marc:subfield><marc:subfield code="2">Uk</marc:subfield></marc:datafield><marc:datafield tag="019" ind1=" " ind2=" "><marc:subfield code="a">123771561</marc:subfield><marc:subfield code="a">262680871</marc:subfield><marc:subfield code="a">401481407</marc:subfield><marc:subfield code="a">401481442</marc:subfield><marc:subfield code="a">664273151</marc:subfield><marc:subfield code="a">738529078</marc:subfield><marc:subfield code="a">738529098</marc:subfield><marc:subfield code="a">756420974</marc:subfield><marc:subfield code="a">756420977</marc:subfield><marc:subfield code="a">767173541</marc:subfield><marc:subfield code="a">767180258</marc:subfield><marc:subfield code="a">777155790</marc:subfield><marc:subfield code="a">777155795</marc:subfield><marc:subfield code="a">802299455</marc:subfield><marc:subfield code="a">985052236</marc:subfield><marc:subfield code="a">1001355145</marc:subfield><marc:subfield code="a">1005782065</marc:subfield><marc:subfield code="a">1044311455</marc:subfield><marc:subfield code="a">1044325337</marc:subfield><marc:subfield code="a">1071790406</marc:subfield><marc:subfield code="a">1077231636</marc:subfield><marc:subfield code="a">1077259076</marc:subfield><marc:subfield code="a">1089410177</marc:subfield><marc:subfield code="a">1097354249</marc:subfield><marc:subfield code="a">1097779782</marc:subfield></marc:datafield><marc:datafield tag="020" ind1=" " ind2=" "><marc:subfield code="a">3540256598</marc:subfield><marc:subfield code="q">(I)</marc:subfield></marc:datafield><marc:datafield tag="020" ind1=" " ind2=" "><marc:subfield code="a">3540256695</marc:subfield><marc:subfield code="q">(II)</marc:subfield></marc:datafield><marc:datafield tag="020" ind1=" " ind2=" "><marc:subfield code="a">3540313958</marc:subfield></marc:datafield><marc:datafield tag="020" ind1=" " ind2=" "><marc:subfield code="a">3540315497</marc:subfield></marc:datafield><marc:datafield tag="020" ind1=" " ind2=" "><marc:subfield code="a">9783540256595</marc:subfield><marc:subfield code="q">(I)</marc:subfield></marc:datafield><marc:datafield tag="020" ind1=" " ind2=" "><marc:subfield code="a">9783540256694</marc:subfield><marc:subfield code="q">(II)</marc:subfield></marc:datafield><marc:datafield tag="020" ind1=" " ind2=" "><marc:subfield code="a">9783540313953</marc:subfield></marc:datafield><marc:datafield tag="020" ind1=" " ind2=" "><marc:subfield code="a">9783540315490</marc:subfield></marc:datafield><marc:datafield tag="024" ind1="3" ind2=" "><marc:subfield code="a">9783540256595</marc:subfield><marc:subfield code="q">(alk. paper)</marc:subfield></marc:datafield><marc:datafield tag="024" ind1="3" ind2=" "><marc:subfield code="a">9783540256694</marc:subfield><marc:subfield code="q">(alk. paper)</marc:subfield></marc:datafield><marc:datafield tag="024" ind1="7" ind2=" "><marc:subfield code="a">10.1007/b135780</marc:subfield><marc:subfield code="2">doi</marc:subfield></marc:datafield><marc:datafield tag="024" ind1="7" ind2=" "><marc:subfield code="a">10.1007/b135820</marc:subfield><marc:subfield code="2">doi</marc:subfield></marc:datafield><marc:datafield tag="035" ind1=" " ind2=" "><marc:subfield code="9">(SPRINGER)262680870</marc:subfield></marc:datafield><marc:datafield tag="035" ind1=" " ind2=" "><marc:subfield code="a">(OCoLC)262680870</marc:subfield></marc:datafield><marc:datafield tag="037" ind1=" " ind2=" "><marc:subfield code="a">978-3-540-25659-5</marc:subfield><marc:subfield code="b">Springer</marc:subfield><marc:subfield code="n">http://www.springerlink.com</marc:subfield></marc:datafield><marc:datafield tag="040" ind1=" " ind2=" "><marc:subfield code="a">GW5XE</marc:subfield><marc:subfield code="b">eng</marc:subfield><marc:subfield code="e">pn</marc:subfield><marc:subfield code="c">GW5XE</marc:subfield><marc:subfield code="d">GZM</marc:subfield><marc:subfield code="d">AZU</marc:subfield><marc:subfield code="d">OCLCQ</marc:subfield><marc:subfield code="d">OCLCF</marc:subfield><marc:subfield code="d">BEDGE</marc:subfield><marc:subfield code="d">YNG</marc:subfield><marc:subfield code="d">SINTU</marc:subfield><marc:subfield code="d">A7U</marc:subfield><marc:subfield code="d">DKDLA</marc:subfield><marc:subfield code="d">SNK</marc:subfield><marc:subfield code="d">OCLCE</marc:subfield><marc:subfield code="d">OCLCO</marc:subfield><marc:subfield code="d">YDXCP</marc:subfield><marc:subfield code="d">IDEBK</marc:subfield><marc:subfield code="d">OCLCQ</marc:subfield><marc:subfield code="d">CAUOI</marc:subfield><marc:subfield code="d">VT2</marc:subfield><marc:subfield code="d">OCLCQ</marc:subfield><marc:subfield code="d">UAB</marc:subfield><marc:subfield code="d">OCLCQ</marc:subfield><marc:subfield code="d">OCLCA</marc:subfield><marc:subfield code="d">VLB</marc:subfield><marc:subfield code="d">CEF</marc:subfield><marc:subfield code="d">U3W</marc:subfield><marc:subfield code="d">WYU</marc:subfield><marc:subfield code="d">ICG</marc:subfield><marc:subfield code="d">MERER</marc:subfield><marc:subfield code="d">YOU</marc:subfield><marc:subfield code="d">UWO</marc:subfield><marc:subfield code="d">OCLCA</marc:subfield><marc:subfield code="d">OCLCQ</marc:subfield><marc:subfield code="d">CNTRU</marc:subfield><marc:subfield code="d">UBP</marc:subfield><marc:subfield code="d">AUD</marc:subfield><marc:subfield code="d">OCLCQ</marc:subfield></marc:datafield><marc:datafield tag="050" ind1=" " ind2="4"><marc:subfield code="a">TP248.3</marc:subfield><marc:subfield code="b">.A38 v.96-97eb</marc:subfield></marc:datafield><marc:datafield tag="082" ind1="0" ind2="4"><marc:subfield code="a">660.6</marc:subfield><marc:subfield code="2">22</marc:subfield></marc:datafield><marc:datafield tag="090" ind1=" " ind2=" "><marc:subfield code="a">Electronic Resource</marc:subfield></marc:datafield><marc:datafield tag="245" ind1="0" ind2="0"><marc:subfield code="a">Marine biotechnology /</marc:subfield><marc:subfield code="c">volume editors, Yves Le Gal, Roland Ulber ; with contributions by G. Antranikian [and others].</marc:subfield></marc:datafield><marc:datafield tag="246" ind1="3" ind2=" "><marc:subfield code="a">Marine biotechnology I</marc:subfield></marc:datafield><marc:datafield tag="246" ind1="3" ind2=" "><marc:subfield code="a">Marine biotechnology II</marc:subfield></marc:datafield><marc:datafield tag="264" ind1=" " ind2="1"><marc:subfield code="a">Berlin ;</marc:subfield><marc:subfield code="a">New York :</marc:subfield><marc:subfield code="b">Springer,</marc:subfield><marc:subfield code="c">[2005]</marc:subfield></marc:datafield><marc:datafield tag="264" ind1=" " ind2="4"><marc:subfield code="c">©2005</marc:subfield></marc:datafield><marc:datafield tag="300" ind1=" " ind2=" "><marc:subfield code="a">1 online resource (2 volumes) :</marc:subfield><marc:subfield code="b">illustrations</marc:subfield></marc:datafield><marc:datafield tag="336" ind1=" " ind2=" "><marc:subfield code="a">text</marc:subfield><marc:subfield code="b">txt</marc:subfield><marc:subfield code="2">rdacontent</marc:subfield></marc:datafield><marc:datafield tag="337" ind1=" " ind2=" "><marc:subfield code="a">computer</marc:subfield><marc:subfield code="b">c</marc:subfield><marc:subfield code="2">rdamedia</marc:subfield></marc:datafield><marc:datafield tag="338" ind1=" " ind2=" "><marc:subfield code="a">online resource</marc:subfield><marc:subfield code="b">cr</marc:subfield><marc:subfield code="2">rdacarrier</marc:subfield></marc:datafield><marc:datafield tag="490" ind1="1" ind2=" "><marc:subfield code="a">Advances in biochemical engineering/biotechnology,</marc:subfield><marc:subfield code="x">0724-6145 ;</marc:subfield><marc:subfield code="v">96-97</marc:subfield></marc:datafield><marc:datafield tag="504" ind1=" " ind2=" "><marc:subfield code="a">Includes bibliographical references and indexes.</marc:subfield></marc:datafield><marc:datafield tag="588" ind1="0" ind2=" "><marc:subfield code="a">Print version record.</marc:subfield></marc:datafield><marc:datafield tag="650" ind1=" " ind2="0"><marc:subfield code="a">Marine biotechnology.</marc:subfield><marc:subfield code="0">http://id.loc.gov/authorities/subjects/sh90001776</marc:subfield></marc:datafield><marc:datafield tag="650" ind1=" " ind2="7"><marc:subfield code="a">Marine biotechnology.</marc:subfield><marc:subfield code="2">fast</marc:subfield><marc:subfield code="0">(OCoLC)fst01009475</marc:subfield></marc:datafield><marc:datafield tag="700" ind1="1" ind2=" "><marc:subfield code="a">Antranikian, G.</marc:subfield><marc:subfield code="q">(Garabed)</marc:subfield><marc:subfield code="0">http://id.loc.gov/authorities/names/n98802825</marc:subfield></marc:datafield><marc:datafield tag="700" ind1="1" ind2=" "><marc:subfield code="a">Le Gal, Yves.</marc:subfield><marc:subfield code="0">http://id.loc.gov/authorities/names/n89630637</marc:subfield></marc:datafield><marc:datafield tag="700" ind1="1" ind2=" "><marc:subfield code="a">Ulber, Roland.</marc:subfield><marc:subfield code="0">http://id.loc.gov/authorities/names/nb2005016199</marc:subfield></marc:datafield><marc:datafield tag="730" ind1="0" ind2=" "><marc:subfield code="a">Springer book archives.</marc:subfield></marc:datafield><marc:datafield tag="773" ind1="0" ind2=" "><marc:subfield code="t">Springer e-books</marc:subfield></marc:datafield><marc:datafield tag="776" ind1="0" ind2="8"><marc:subfield code="i">Print version:</marc:subfield><marc:subfield code="t">Marine biotechnology.</marc:subfield><marc:subfield code="d">Berlin ; New York : Springer, ©2005</marc:subfield><marc:subfield code="z">3540256598</marc:subfield><marc:subfield code="z">9783540256595</marc:subfield><marc:subfield code="w">(OCoLC)62176898</marc:subfield></marc:datafield><marc:datafield tag="830" ind1=" " ind2="0"><marc:subfield code="a">Advances in biochemical engineering/biotechnology ;</marc:subfield><marc:subfield code="v">96-97.</marc:subfield><marc:subfield code="x">0724-6145</marc:subfield></marc:datafield><marc:datafield tag="856" ind1="4" ind2="0"><marc:subfield code="u">http://link.springer.com/10.1007/b135780</marc:subfield></marc:datafield><marc:datafield tag="856" ind1="4" ind2="0"><marc:subfield code="u">http://link.springer.com/10.1007/b135820</marc:subfield></marc:datafield></marc:record>