
<marc:record><marc:leader>02490cam a2200493Ia 4500</marc:leader>
<marc:controlfield tag="001">11500471</marc:controlfield>
<marc:controlfield tag="005">20190718190302.0</marc:controlfield><marc:controlfield tag="006">m     o  d        </marc:controlfield><marc:controlfield tag="007">cr mn |||||a|a</marc:controlfield><marc:controlfield tag="008">081025s1986    gw a    ob    100 0 eng d</marc:controlfield><marc:datafield tag="019" ind1=" " ind2=" "><marc:subfield code="a">610623496</marc:subfield><marc:subfield code="a">1001493232</marc:subfield><marc:subfield code="a">1038452675</marc:subfield><marc:subfield code="a">1039514886</marc:subfield></marc:datafield><marc:datafield tag="020" ind1=" " ind2=" "><marc:subfield code="a">3540397892</marc:subfield><marc:subfield code="q">(electronic bk.)</marc:subfield></marc:datafield><marc:datafield tag="020" ind1=" " ind2=" "><marc:subfield code="a">9783540397892</marc:subfield><marc:subfield code="q">(electronic bk.)</marc:subfield></marc:datafield><marc:datafield tag="020" ind1=" " ind2=" "><marc:subfield code="z">0387164529</marc:subfield></marc:datafield><marc:datafield tag="020" ind1=" " ind2=" "><marc:subfield code="z">9780387164526</marc:subfield></marc:datafield><marc:datafield tag="035" ind1=" " ind2=" "><marc:subfield code="9">(SPRINGER)263547718</marc:subfield></marc:datafield><marc:datafield tag="035" ind1=" " ind2=" "><marc:subfield code="a">(OCoLC)263547718</marc:subfield></marc:datafield><marc:datafield tag="040" ind1=" " ind2=" "><marc:subfield code="a">SPLNP</marc:subfield><marc:subfield code="b">eng</marc:subfield><marc:subfield code="e">pn</marc:subfield><marc:subfield code="c">SPLNP</marc:subfield><marc:subfield code="d">GW5XE</marc:subfield><marc:subfield code="d">OCLCQ</marc:subfield><marc:subfield code="d">GW5XE</marc:subfield><marc:subfield code="d">OCLCE</marc:subfield><marc:subfield code="d">OCLCO</marc:subfield><marc:subfield code="d">OCLCQ</marc:subfield><marc:subfield code="d">OCLCF</marc:subfield><marc:subfield code="d">OCLCQ</marc:subfield><marc:subfield code="d">OCLCO</marc:subfield><marc:subfield code="d">OCL</marc:subfield><marc:subfield code="d">OCLCO</marc:subfield><marc:subfield code="d">OCLCQ</marc:subfield><marc:subfield code="d">UAB</marc:subfield><marc:subfield code="d">OCLCQ</marc:subfield><marc:subfield code="d">AU@</marc:subfield><marc:subfield code="d">OCLCQ</marc:subfield></marc:datafield><marc:datafield tag="050" ind1=" " ind2="4"><marc:subfield code="a">QC174.45.A1</marc:subfield><marc:subfield code="b">F54 1986</marc:subfield></marc:datafield><marc:datafield tag="082" ind1="0" ind2="4"><marc:subfield code="a">530.1/43</marc:subfield><marc:subfield code="2">19</marc:subfield></marc:datafield><marc:datafield tag="090" ind1=" " ind2=" "><marc:subfield code="a">Electronic Resource</marc:subfield></marc:datafield><marc:datafield tag="245" ind1="0" ind2="0"><marc:subfield code="a">Field theory, quantum gravity, and strings :</marc:subfield><marc:subfield code="b">proceedings of a seminar series held at DAPHE, Observatoire de Meudon, and LPTHE, Université Pierre et Marie Curie, Paris, between October 1984 and October 1985 /</marc:subfield><marc:subfield code="c">edited by H.J. de Vega and N. Sánchez.</marc:subfield></marc:datafield><marc:datafield tag="264" ind1=" " ind2="1"><marc:subfield code="a">Berlin ;</marc:subfield><marc:subfield code="a">New York :</marc:subfield><marc:subfield code="b">Springer-Verlag,</marc:subfield><marc:subfield code="c">[1986]</marc:subfield></marc:datafield><marc:datafield tag="264" ind1=" " ind2="4"><marc:subfield code="c">©1986</marc:subfield></marc:datafield><marc:datafield tag="300" ind1=" " ind2=" "><marc:subfield code="a">1 online resource (vi, 381 pages) :</marc:subfield><marc:subfield code="b">illustrations</marc:subfield></marc:datafield><marc:datafield tag="336" ind1=" " ind2=" "><marc:subfield code="a">text</marc:subfield><marc:subfield code="b">txt</marc:subfield><marc:subfield code="2">rdacontent</marc:subfield></marc:datafield><marc:datafield tag="337" ind1=" " ind2=" "><marc:subfield code="a">computer</marc:subfield><marc:subfield code="b">c</marc:subfield><marc:subfield code="2">rdamedia</marc:subfield></marc:datafield><marc:datafield tag="338" ind1=" " ind2=" "><marc:subfield code="a">online resource</marc:subfield><marc:subfield code="b">cr</marc:subfield><marc:subfield code="2">rdacarrier</marc:subfield></marc:datafield><marc:datafield tag="490" ind1="1" ind2=" "><marc:subfield code="a">Lecture notes in physics,</marc:subfield><marc:subfield code="x">1616-6361 ;</marc:subfield><marc:subfield code="v">246</marc:subfield></marc:datafield><marc:datafield tag="504" ind1=" " ind2=" "><marc:subfield code="a">Includes bibliographical references.</marc:subfield></marc:datafield><marc:datafield tag="588" ind1="0" ind2=" "><marc:subfield code="a">Print version record.</marc:subfield></marc:datafield><marc:datafield tag="650" ind1=" " ind2="0"><marc:subfield code="a">Quantum field theory</marc:subfield><marc:subfield code="v">Congresses.</marc:subfield><marc:subfield code="0">http://id.loc.gov/authorities/subjects/sh2008110297</marc:subfield></marc:datafield><marc:datafield tag="650" ind1=" " ind2="0"><marc:subfield code="a">Quantum gravity</marc:subfield><marc:subfield code="v">Congresses.</marc:subfield><marc:subfield code="0">http://id.loc.gov/authorities/subjects/sh2008122821</marc:subfield></marc:datafield><marc:datafield tag="650" ind1=" " ind2="0"><marc:subfield code="a">String models</marc:subfield><marc:subfield code="v">Congresses.</marc:subfield><marc:subfield code="0">http://id.loc.gov/authorities/subjects/sh2008112315</marc:subfield></marc:datafield><marc:datafield tag="650" ind1=" " ind2="7"><marc:subfield code="a">Quantum field theory.</marc:subfield><marc:subfield code="2">fast</marc:subfield><marc:subfield code="0">(OCoLC)fst01085105</marc:subfield></marc:datafield><marc:datafield tag="650" ind1=" " ind2="7"><marc:subfield code="a">Quantum gravity.</marc:subfield><marc:subfield code="2">fast</marc:subfield><marc:subfield code="0">(OCoLC)fst01085110</marc:subfield></marc:datafield><marc:datafield tag="650" ind1=" " ind2="7"><marc:subfield code="a">String models.</marc:subfield><marc:subfield code="2">fast</marc:subfield><marc:subfield code="0">(OCoLC)fst01135293</marc:subfield></marc:datafield><marc:datafield tag="655" ind1=" " ind2="7"><marc:subfield code="a">Conference papers and proceedings.</marc:subfield><marc:subfield code="2">fast</marc:subfield><marc:subfield code="0">(OCoLC)fst01423772</marc:subfield></marc:datafield><marc:datafield tag="700" ind1="1" ind2=" "><marc:subfield code="a">Sanchez, N.</marc:subfield><marc:subfield code="q">(Norma),</marc:subfield><marc:subfield code="d">1952-</marc:subfield><marc:subfield code="0">http://id.loc.gov/authorities/names/n84202188</marc:subfield></marc:datafield><marc:datafield tag="700" ind1="1" ind2=" "><marc:subfield code="a">Vega, H. J. de</marc:subfield><marc:subfield code="q">(Héctor J.),</marc:subfield><marc:subfield code="d">1949-</marc:subfield><marc:subfield code="0">http://id.loc.gov/authorities/names/n85374471</marc:subfield></marc:datafield><marc:datafield tag="730" ind1="0" ind2=" "><marc:subfield code="a">Springer book archives.</marc:subfield></marc:datafield><marc:datafield tag="776" ind1="0" ind2="8"><marc:subfield code="i">Print version:</marc:subfield><marc:subfield code="t">Field theory, quantum gravity, and strings.</marc:subfield><marc:subfield code="d">Berlin ; New York : Springer-Verlag, ©1986</marc:subfield><marc:subfield code="z">0387164529</marc:subfield><marc:subfield code="w">(DLC)   86006653</marc:subfield><marc:subfield code="w">(OCoLC)13423868</marc:subfield></marc:datafield><marc:datafield tag="830" ind1=" " ind2="0"><marc:subfield code="a">Lecture notes in physics ;</marc:subfield><marc:subfield code="v">246.</marc:subfield><marc:subfield code="x">1616-6361</marc:subfield></marc:datafield><marc:datafield tag="856" ind1="4" ind2="0"><marc:subfield code="u">http://link.springer.com/10.1007/3-540-16452-9</marc:subfield></marc:datafield></marc:record>