
<marc:record><marc:leader>03611cam a22005774a 4500</marc:leader>
<marc:controlfield tag="001">11500515</marc:controlfield>
<marc:controlfield tag="005">20190718190308.0</marc:controlfield><marc:controlfield tag="006">m     o  d        </marc:controlfield><marc:controlfield tag="007">cr mn |||||a|a</marc:controlfield><marc:controlfield tag="008">030722s2003    gw a    ob    000 0 eng c</marc:controlfield><marc:datafield tag="019" ind1=" " ind2=" "><marc:subfield code="a">644364676</marc:subfield><marc:subfield code="a">851800928</marc:subfield><marc:subfield code="a">1005755039</marc:subfield><marc:subfield code="a">1048132721</marc:subfield><marc:subfield code="a">1050964308</marc:subfield><marc:subfield code="a">1058307255</marc:subfield><marc:subfield code="a">1066577823</marc:subfield><marc:subfield code="a">1086479682</marc:subfield><marc:subfield code="a">1105599869</marc:subfield></marc:datafield><marc:datafield tag="020" ind1=" " ind2=" "><marc:subfield code="a">3540452028</marc:subfield><marc:subfield code="q">(electronic bk.)</marc:subfield></marc:datafield><marc:datafield tag="020" ind1=" " ind2=" "><marc:subfield code="a">9783540452027</marc:subfield><marc:subfield code="q">(electronic bk.)</marc:subfield></marc:datafield><marc:datafield tag="020" ind1=" " ind2=" "><marc:subfield code="z">3540407855</marc:subfield></marc:datafield><marc:datafield tag="020" ind1=" " ind2=" "><marc:subfield code="z">9783540407850</marc:subfield></marc:datafield><marc:datafield tag="024" ind1="7" ind2=" "><marc:subfield code="a">10.1007/b13139</marc:subfield><marc:subfield code="2">doi</marc:subfield></marc:datafield><marc:datafield tag="035" ind1=" " ind2=" "><marc:subfield code="9">(SPRINGER)268544035</marc:subfield></marc:datafield><marc:datafield tag="035" ind1=" " ind2=" "><marc:subfield code="a">(OCoLC)268544035</marc:subfield></marc:datafield><marc:datafield tag="040" ind1=" " ind2=" "><marc:subfield code="a">COO</marc:subfield><marc:subfield code="b">eng</marc:subfield><marc:subfield code="e">pn</marc:subfield><marc:subfield code="c">COO</marc:subfield><marc:subfield code="d">SPLNP</marc:subfield><marc:subfield code="d">OCLCQ</marc:subfield><marc:subfield code="d">GW5XE</marc:subfield><marc:subfield code="d">OCLCQ</marc:subfield><marc:subfield code="d">YNG</marc:subfield><marc:subfield code="d">CSU</marc:subfield><marc:subfield code="d">OCLCQ</marc:subfield><marc:subfield code="d">GW5XE</marc:subfield><marc:subfield code="d">OCLCF</marc:subfield><marc:subfield code="d">OCLCQ</marc:subfield><marc:subfield code="d">AU@</marc:subfield><marc:subfield code="d">OCLCQ</marc:subfield><marc:subfield code="d">UAB</marc:subfield><marc:subfield code="d">VT2</marc:subfield><marc:subfield code="d">OCLCQ</marc:subfield><marc:subfield code="d">WYU</marc:subfield><marc:subfield code="d">OCLCQ</marc:subfield><marc:subfield code="d">LEAUB</marc:subfield><marc:subfield code="d">AUD</marc:subfield></marc:datafield><marc:datafield tag="042" ind1=" " ind2=" "><marc:subfield code="a">pcc</marc:subfield></marc:datafield><marc:datafield tag="050" ind1=" " ind2="4"><marc:subfield code="a">QC176.8.A54</marc:subfield><marc:subfield code="b">A53 2003</marc:subfield></marc:datafield><marc:datafield tag="082" ind1="0" ind2="4"><marc:subfield code="a">530.4/1</marc:subfield><marc:subfield code="2">22</marc:subfield></marc:datafield><marc:datafield tag="090" ind1=" " ind2=" "><marc:subfield code="a">Electronic Resource</marc:subfield></marc:datafield><marc:datafield tag="245" ind1="0" ind2="0"><marc:subfield code="a">Anderson localization and its ramifications :</marc:subfield><marc:subfield code="b">disorder, phase coherence, and electron correlations /</marc:subfield><marc:subfield code="c">T. Brandes, S. Kettemann (editions.).</marc:subfield></marc:datafield><marc:datafield tag="264" ind1=" " ind2="1"><marc:subfield code="a">Berlin ;</marc:subfield><marc:subfield code="a">New York :</marc:subfield><marc:subfield code="b">Springer,</marc:subfield><marc:subfield code="c">[2003]</marc:subfield></marc:datafield><marc:datafield tag="264" ind1=" " ind2="4"><marc:subfield code="c">©2003</marc:subfield></marc:datafield><marc:datafield tag="300" ind1=" " ind2=" "><marc:subfield code="a">1 online resource (xii, 315 pages) :</marc:subfield><marc:subfield code="b">illustrations</marc:subfield></marc:datafield><marc:datafield tag="336" ind1=" " ind2=" "><marc:subfield code="a">text</marc:subfield><marc:subfield code="b">txt</marc:subfield><marc:subfield code="2">rdacontent</marc:subfield></marc:datafield><marc:datafield tag="337" ind1=" " ind2=" "><marc:subfield code="a">computer</marc:subfield><marc:subfield code="b">c</marc:subfield><marc:subfield code="2">rdamedia</marc:subfield></marc:datafield><marc:datafield tag="338" ind1=" " ind2=" "><marc:subfield code="a">online resource</marc:subfield><marc:subfield code="b">cr</marc:subfield><marc:subfield code="2">rdacarrier</marc:subfield></marc:datafield><marc:datafield tag="347" ind1=" " ind2=" "><marc:subfield code="a">text file</marc:subfield><marc:subfield code="b">PDF</marc:subfield><marc:subfield code="2">rda</marc:subfield></marc:datafield><marc:datafield tag="490" ind1="1" ind2=" "><marc:subfield code="a">Lecture notes in physics,</marc:subfield><marc:subfield code="x">0075-8450 ;</marc:subfield><marc:subfield code="v">630</marc:subfield></marc:datafield><marc:datafield tag="504" ind1=" " ind2=" "><marc:subfield code="a">Includes bibliographical references.</marc:subfield></marc:datafield><marc:datafield tag="520" ind1=" " ind2=" "><marc:subfield code="a">The phenomenon of localization of the electronic wave function in a random medium can be regarded as the key manifestation of quantum coherence in a condensed matter system. As one of the most remarkable phenomena in condensed matter physics discovered in the 20th century, the localization problem is an indispensable part of the theory of the quantum Hall effects and rivals superconductivity in its significance as a manifestation of quantum coherence at a macroscopic scale. The present volume, written by some of the leading experts in the field, is intended to highlight some of the recent progress in the field of localization, with particular emphasis on the effect of interactions on quantum coherence. The chapters are written in textbook style and should serve as a reliable and thorough introduction for advanced students or researchers already working in the field of mesoscopic physics.</marc:subfield></marc:datafield><marc:datafield tag="546" ind1=" " ind2=" "><marc:subfield code="a">English.</marc:subfield></marc:datafield><marc:datafield tag="650" ind1=" " ind2="0"><marc:subfield code="a">Anderson model.</marc:subfield><marc:subfield code="0">http://id.loc.gov/authorities/subjects/sh85004895</marc:subfield></marc:datafield><marc:datafield tag="650" ind1=" " ind2="0"><marc:subfield code="a">Coherent states.</marc:subfield><marc:subfield code="0">http://id.loc.gov/authorities/subjects/sh86003890</marc:subfield></marc:datafield><marc:datafield tag="650" ind1=" " ind2="0"><marc:subfield code="a">Electron configuration.</marc:subfield><marc:subfield code="0">http://id.loc.gov/authorities/subjects/sh85042205</marc:subfield></marc:datafield><marc:datafield tag="650" ind1=" " ind2="0"><marc:subfield code="a">Localization theory.</marc:subfield><marc:subfield code="0">http://id.loc.gov/authorities/subjects/sh85077960</marc:subfield></marc:datafield><marc:datafield tag="650" ind1=" " ind2="0"><marc:subfield code="a">Mesoscopic phenomena (Physics)</marc:subfield><marc:subfield code="0">http://id.loc.gov/authorities/subjects/sh91000598</marc:subfield></marc:datafield><marc:datafield tag="650" ind1=" " ind2="7"><marc:subfield code="a">Anderson model.</marc:subfield><marc:subfield code="2">fast</marc:subfield><marc:subfield code="0">(OCoLC)fst00808543</marc:subfield></marc:datafield><marc:datafield tag="650" ind1=" " ind2="7"><marc:subfield code="a">Coherent states.</marc:subfield><marc:subfield code="2">fast</marc:subfield><marc:subfield code="0">(OCoLC)fst00866583</marc:subfield></marc:datafield><marc:datafield tag="650" ind1=" " ind2="7"><marc:subfield code="a">Electron configuration.</marc:subfield><marc:subfield code="2">fast</marc:subfield><marc:subfield code="0">(OCoLC)fst00906663</marc:subfield></marc:datafield><marc:datafield tag="650" ind1=" " ind2="7"><marc:subfield code="a">Localization theory.</marc:subfield><marc:subfield code="2">fast</marc:subfield><marc:subfield code="0">(OCoLC)fst01001670</marc:subfield></marc:datafield><marc:datafield tag="650" ind1=" " ind2="7"><marc:subfield code="a">Mesoscopic phenomena (Physics)</marc:subfield><marc:subfield code="2">fast</marc:subfield><marc:subfield code="0">(OCoLC)fst01017364</marc:subfield></marc:datafield><marc:datafield tag="700" ind1="1" ind2=" "><marc:subfield code="a">Brandes, Tobias,</marc:subfield><marc:subfield code="d">1966-</marc:subfield><marc:subfield code="0">http://id.loc.gov/authorities/names/n00003995</marc:subfield></marc:datafield><marc:datafield tag="700" ind1="1" ind2=" "><marc:subfield code="a">Kettemann, Stefan.</marc:subfield><marc:subfield code="0">http://id.loc.gov/authorities/names/no2002092206</marc:subfield></marc:datafield><marc:datafield tag="730" ind1="0" ind2=" "><marc:subfield code="a">Springer book archives.</marc:subfield></marc:datafield><marc:datafield tag="776" ind1="0" ind2="8"><marc:subfield code="i">Print version:</marc:subfield><marc:subfield code="t">Anderson localization and its ramifications.</marc:subfield><marc:subfield code="d">Berlin ; New York : Springer, ©2003</marc:subfield><marc:subfield code="z">3540407855</marc:subfield><marc:subfield code="w">(DLC)  2003059076</marc:subfield><marc:subfield code="w">(OCoLC)52727901</marc:subfield></marc:datafield><marc:datafield tag="830" ind1=" " ind2="0"><marc:subfield code="a">Lecture notes in physics ;</marc:subfield><marc:subfield code="v">630.</marc:subfield><marc:subfield code="x">0075-8450</marc:subfield></marc:datafield><marc:datafield tag="856" ind1="4" ind2="0"><marc:subfield code="u">http://link.springer.com/10.1007/b13139</marc:subfield></marc:datafield></marc:record>