
<marc:record><marc:leader>01585nam a22002775a 4500</marc:leader>
<marc:controlfield tag="001">11503563</marc:controlfield>
<marc:controlfield tag="005">20190722192317.0</marc:controlfield><marc:controlfield tag="008">190516s2019    le |||||||||||||| ||ara d</marc:controlfield><marc:datafield tag="020" ind1=" " ind2=" "><marc:subfield code="c">$22.00</marc:subfield></marc:datafield><marc:datafield tag="035" ind1=" " ind2=" "><marc:subfield code="a">(LB-BrSB)(LB-BrSB)299-309</marc:subfield></marc:datafield><marc:datafield tag="037" ind1=" " ind2=" "><marc:subfield code="a">299-309</marc:subfield><marc:subfield code="b">Sulaiman's Bookshop, Beirut, Lebanon, info@sulaimansbookshop.com</marc:subfield><marc:subfield code="c">$22.00</marc:subfield></marc:datafield><marc:datafield tag="040" ind1=" " ind2=" "><marc:subfield code="a">LB-BrSB</marc:subfield><marc:subfield code="e">rda</marc:subfield><marc:subfield code="c">LB-BrSB</marc:subfield></marc:datafield><marc:datafield tag="066" ind1=" " ind2=" "><marc:subfield code="c">(3</marc:subfield></marc:datafield><marc:datafield tag="100" ind1="1" ind2=" "><marc:subfield code="6">880-01</marc:subfield><marc:subfield code="a">Ḥimṣī, Ziyād.</marc:subfield></marc:datafield><marc:datafield tag="245" ind1="1" ind2="0"><marc:subfield code="6">880-05</marc:subfield><marc:subfield code="a">Lughz al-junūd al-Isrāʼīlīyīn al-thalāthah :</marc:subfield><marc:subfield code="b">Qaḍīyatī al-ẓālimah, muqaddimāt wa-tadāʻiyāt, al-Ijtiyāḥ al-Isrāʼīlī ʻām 1982, Maʻrakat al-Sulṭān Yaʻqūb, khawāṭir min zaman ākhar /</marc:subfield><marc:subfield code="c">Ziyād al-Ḥimṣī.</marc:subfield></marc:datafield><marc:datafield tag="246" ind1="1" ind2=" "><marc:subfield code="a">Mystery of the Three Israeli Soldiers</marc:subfield></marc:datafield><marc:datafield tag="250" ind1=" " ind2=" "><marc:subfield code="6">880-06</marc:subfield><marc:subfield code="a">al-Ṭabʻah al-ūlá.</marc:subfield></marc:datafield><marc:datafield tag="260" ind1=" " ind2=" "><marc:subfield code="6">880-07</marc:subfield><marc:subfield code="a">Bayrūt :</marc:subfield><marc:subfield code="b">Dār al-Muṣawwir al-ʻArabī,</marc:subfield><marc:subfield code="c">2019.</marc:subfield></marc:datafield><marc:datafield tag="300" ind1=" " ind2=" "><marc:subfield code="a">456 p. :</marc:subfield><marc:subfield code="b">illustrations ;</marc:subfield><marc:subfield code="c">25 cm.</marc:subfield></marc:datafield><marc:datafield tag="650" ind1=" " ind2="0"><marc:subfield code="a">Missing in action</marc:subfield><marc:subfield code="z">Lebanon.</marc:subfield></marc:datafield><marc:datafield tag="651" ind1=" " ind2="0"><marc:subfield code="a">Lebanon</marc:subfield><marc:subfield code="x">History</marc:subfield><marc:subfield code="y">Israeli Intervention, 1982-1984</marc:subfield><marc:subfield code="x">Missing in action.</marc:subfield></marc:datafield><marc:datafield tag="880" ind1="1" ind2=" "><marc:subfield code="6">100-01/(3/r</marc:subfield><marc:subfield code="a">الحمصي، زياد.</marc:subfield></marc:datafield><marc:datafield tag="880" ind1="1" ind2="0"><marc:subfield code="6">245-05/(3/r</marc:subfield><marc:subfield code="a">لغز الجنود الإسرائيليين الثلاثة :</marc:subfield><marc:subfield code="b">قضيتي الظالمة، مقدمات و تداعيات، الإجتياح الإسرائيلي عام 1982، معركة السلطان يعقوب، خواطر من زمن آخر /</marc:subfield><marc:subfield code="c">زياد الحمصي.</marc:subfield></marc:datafield><marc:datafield tag="880" ind1=" " ind2=" "><marc:subfield code="6">250-06/(3/r</marc:subfield><marc:subfield code="a">الطبعة الأولى.</marc:subfield></marc:datafield><marc:datafield tag="880" ind1=" " ind2=" "><marc:subfield code="6">260-07/(3/r</marc:subfield><marc:subfield code="a">بيروت :</marc:subfield><marc:subfield code="b">دار المصور العربي،</marc:subfield><marc:subfield code="c">2019.</marc:subfield></marc:datafield><marc:datafield tag="980" ind1=" " ind2=" "><marc:subfield code="a">20190716</marc:subfield><marc:subfield code="b">22.00</marc:subfield><marc:subfield code="e">22.00</marc:subfield><marc:subfield code="f">24323</marc:subfield><marc:subfield code="g">1</marc:subfield></marc:datafield></marc:record>