
<marc:record><marc:leader>00584nam a22002175  4500</marc:leader>
<marc:controlfield tag="001">11501708</marc:controlfield>
<marc:controlfield tag="005">20190719185725.0</marc:controlfield><marc:controlfield tag="008">190530s2019    fr         ||| |  0 eng  </marc:controlfield><marc:datafield tag="020" ind1=" " ind2=" "><marc:subfield code="a">9782359062830</marc:subfield></marc:datafield><marc:datafield tag="035" ind1=" " ind2=" "><marc:subfield code="a">(FR-PaLE)NTS76990</marc:subfield></marc:datafield><marc:datafield tag="040" ind1=" " ind2=" "><marc:subfield code="a">FR-PaLE</marc:subfield><marc:subfield code="c">FR-PaLE</marc:subfield></marc:datafield><marc:datafield tag="050" ind1=" " ind2="4"><marc:subfield code="a">NX</marc:subfield></marc:datafield><marc:datafield tag="082" ind1="0" ind2="4"><marc:subfield code="a">700</marc:subfield><marc:subfield code="2">22</marc:subfield></marc:datafield><marc:datafield tag="100" ind1="1" ind2=" "><marc:subfield code="a">Gilles, M. (Ed.).</marc:subfield></marc:datafield><marc:datafield tag="245" ind1="1" ind2="0"><marc:subfield code="a">Musée des Beaux-Arts de Dijon. Selected works.</marc:subfield></marc:datafield><marc:datafield tag="260" ind1=" " ind2=" "><marc:subfield code="a">Montreuil :</marc:subfield><marc:subfield code="b">LienArt Editions,</marc:subfield><marc:subfield code="c">2019.</marc:subfield></marc:datafield><marc:datafield tag="300" ind1=" " ind2=" "><marc:subfield code="a">254 p. ;</marc:subfield><marc:subfield code="c">cm.</marc:subfield></marc:datafield><marc:datafield tag="949" ind1=" " ind2=" "><marc:subfield code="a">UBGM</marc:subfield></marc:datafield><marc:datafield tag="960" ind1=" " ind2=" "><marc:subfield code="q">20190606</marc:subfield></marc:datafield><marc:datafield tag="962" ind1=" " ind2=" "><marc:subfield code="a">17.14</marc:subfield><marc:subfield code="b">USD</marc:subfield><marc:subfield code="c">17.14</marc:subfield><marc:subfield code="d">USD</marc:subfield><marc:subfield code="g">1</marc:subfield></marc:datafield><marc:datafield tag="980" ind1=" " ind2=" "><marc:subfield code="a">20190705</marc:subfield><marc:subfield code="f">93106602</marc:subfield><marc:subfield code="h">1613034</marc:subfield></marc:datafield></marc:record>