
<marc:record><marc:leader>02776cam a2200565Ia 4500</marc:leader>
<marc:controlfield tag="001">11500625</marc:controlfield>
<marc:controlfield tag="005">20190718190325.0</marc:controlfield><marc:controlfield tag="006">m     o  d        </marc:controlfield><marc:controlfield tag="007">cr mn |||||a|a</marc:controlfield><marc:controlfield tag="008">081017s2006    gw a    ob    001 0 eng d</marc:controlfield><marc:datafield tag="015" ind1=" " ind2=" "><marc:subfield code="a">GBA661455</marc:subfield><marc:subfield code="2">bnb</marc:subfield></marc:datafield><marc:datafield tag="016" ind1="7" ind2=" "><marc:subfield code="a">013506727</marc:subfield><marc:subfield code="2">Uk</marc:subfield></marc:datafield><marc:datafield tag="016" ind1="7" ind2=" "><marc:subfield code="a">978517091</marc:subfield><marc:subfield code="2">DE-101</marc:subfield></marc:datafield><marc:datafield tag="019" ind1=" " ind2=" "><marc:subfield code="a">71012564</marc:subfield><marc:subfield code="a">228163855</marc:subfield><marc:subfield code="a">228163857</marc:subfield><marc:subfield code="a">262426549</marc:subfield><marc:subfield code="a">288258043</marc:subfield><marc:subfield code="a">467785088</marc:subfield><marc:subfield code="a">613656846</marc:subfield><marc:subfield code="a">729897869</marc:subfield><marc:subfield code="a">739138522</marc:subfield><marc:subfield code="a">756428226</marc:subfield><marc:subfield code="a">880111352</marc:subfield><marc:subfield code="a">985037897</marc:subfield><marc:subfield code="a">985781997</marc:subfield><marc:subfield code="a">1005791609</marc:subfield><marc:subfield code="a">1044324193</marc:subfield><marc:subfield code="a">1050956196</marc:subfield><marc:subfield code="a">1056334573</marc:subfield><marc:subfield code="a">1059527746</marc:subfield><marc:subfield code="a">1060827982</marc:subfield><marc:subfield code="a">1071704577</marc:subfield><marc:subfield code="a">1073064563</marc:subfield><marc:subfield code="a">1087327906</marc:subfield><marc:subfield code="a">1097312430</marc:subfield><marc:subfield code="a">1102295881</marc:subfield></marc:datafield><marc:datafield tag="020" ind1=" " ind2=" "><marc:subfield code="a">3540319239</marc:subfield><marc:subfield code="q">(Online version)</marc:subfield></marc:datafield><marc:datafield tag="020" ind1=" " ind2=" "><marc:subfield code="a">3540319247</marc:subfield></marc:datafield><marc:datafield tag="020" ind1=" " ind2=" "><marc:subfield code="a">9783540319238</marc:subfield><marc:subfield code="q">(Online version)</marc:subfield></marc:datafield><marc:datafield tag="020" ind1=" " ind2=" "><marc:subfield code="a">9783540319245</marc:subfield></marc:datafield><marc:datafield tag="024" ind1="3" ind2=" "><marc:subfield code="z">9783540319238</marc:subfield></marc:datafield><marc:datafield tag="024" ind1="7" ind2=" "><marc:subfield code="a">10.1007/11614784</marc:subfield><marc:subfield code="2">doi</marc:subfield></marc:datafield><marc:datafield tag="027" ind1=" " ind2=" "><marc:subfield code="z">9783540319238</marc:subfield><marc:subfield code="q">(Online version)</marc:subfield></marc:datafield><marc:datafield tag="035" ind1=" " ind2=" "><marc:subfield code="9">(SPRINGER)262690948</marc:subfield></marc:datafield><marc:datafield tag="035" ind1=" " ind2=" "><marc:subfield code="a">(OCoLC)262690948</marc:subfield></marc:datafield><marc:datafield tag="037" ind1=" " ind2=" "><marc:subfield code="a">978-3-540-31923-8</marc:subfield><marc:subfield code="b">Springer</marc:subfield><marc:subfield code="n">http://www.springerlink.com</marc:subfield></marc:datafield><marc:datafield tag="040" ind1=" " ind2=" "><marc:subfield code="a">GW5XE</marc:subfield><marc:subfield code="b">eng</marc:subfield><marc:subfield code="e">pn</marc:subfield><marc:subfield code="c">GW5XE</marc:subfield><marc:subfield code="d">OCLCQ</marc:subfield><marc:subfield code="d">COD</marc:subfield><marc:subfield code="d">COO</marc:subfield><marc:subfield code="d">DEBBG</marc:subfield><marc:subfield code="d">NUI</marc:subfield><marc:subfield code="d">MND</marc:subfield><marc:subfield code="d">OCLCQ</marc:subfield><marc:subfield code="d">MNU</marc:subfield><marc:subfield code="d">KYUBL</marc:subfield><marc:subfield code="d">YNG</marc:subfield><marc:subfield code="d">OCLCQ</marc:subfield><marc:subfield code="d">A7U</marc:subfield><marc:subfield code="d">OCLCQ</marc:subfield><marc:subfield code="d">OCLCO</marc:subfield><marc:subfield code="d">OCLCF</marc:subfield><marc:subfield code="d">BEDGE</marc:subfield><marc:subfield code="d">YDXCP</marc:subfield><marc:subfield code="d">IDEBK</marc:subfield><marc:subfield code="d">SLY</marc:subfield><marc:subfield code="d">OCLCQ</marc:subfield><marc:subfield code="d">DEBSZ</marc:subfield><marc:subfield code="d">VT2</marc:subfield><marc:subfield code="d">ZXX</marc:subfield><marc:subfield code="d">OCLCQ</marc:subfield><marc:subfield code="d">ESU</marc:subfield><marc:subfield code="d">OCLCQ</marc:subfield><marc:subfield code="d">CEF</marc:subfield><marc:subfield code="d">U3W</marc:subfield><marc:subfield code="d">AU@</marc:subfield><marc:subfield code="d">WYU</marc:subfield><marc:subfield code="d">ICG</marc:subfield><marc:subfield code="d">YOU</marc:subfield><marc:subfield code="d">UWO</marc:subfield><marc:subfield code="d">TKN</marc:subfield><marc:subfield code="d">CNTRU</marc:subfield><marc:subfield code="d">AUD</marc:subfield><marc:subfield code="d">OCLCQ</marc:subfield></marc:datafield><marc:datafield tag="050" ind1=" " ind2="4"><marc:subfield code="a">QD381</marc:subfield><marc:subfield code="b">.S87 2006eb</marc:subfield></marc:datafield><marc:datafield tag="082" ind1="0" ind2="4"><marc:subfield code="a">547.7</marc:subfield><marc:subfield code="2">22</marc:subfield></marc:datafield><marc:datafield tag="090" ind1=" " ind2=" "><marc:subfield code="a">Electronic Resource</marc:subfield></marc:datafield><marc:datafield tag="245" ind1="0" ind2="0"><marc:subfield code="a">Supramolecular polymers polymeric betains oligomers /</marc:subfield><marc:subfield code="c">with contributions by B. Donnio [and others].</marc:subfield></marc:datafield><marc:datafield tag="264" ind1=" " ind2="1"><marc:subfield code="a">Berlin ;</marc:subfield><marc:subfield code="a">New York :</marc:subfield><marc:subfield code="b">Springer,</marc:subfield><marc:subfield code="c">[2006]</marc:subfield></marc:datafield><marc:datafield tag="264" ind1=" " ind2="4"><marc:subfield code="c">©2006</marc:subfield></marc:datafield><marc:datafield tag="300" ind1=" " ind2=" "><marc:subfield code="a">1 online resource (vi, 301 pages) :</marc:subfield><marc:subfield code="b">illustrations</marc:subfield></marc:datafield><marc:datafield tag="336" ind1=" " ind2=" "><marc:subfield code="a">text</marc:subfield><marc:subfield code="b">txt</marc:subfield><marc:subfield code="2">rdacontent</marc:subfield></marc:datafield><marc:datafield tag="337" ind1=" " ind2=" "><marc:subfield code="a">computer</marc:subfield><marc:subfield code="b">c</marc:subfield><marc:subfield code="2">rdamedia</marc:subfield></marc:datafield><marc:datafield tag="338" ind1=" " ind2=" "><marc:subfield code="a">online resource</marc:subfield><marc:subfield code="b">cr</marc:subfield><marc:subfield code="2">rdacarrier</marc:subfield></marc:datafield><marc:datafield tag="490" ind1="1" ind2=" "><marc:subfield code="a">Advances in polymer science,</marc:subfield><marc:subfield code="x">0065-3195 ;</marc:subfield><marc:subfield code="v">201</marc:subfield></marc:datafield><marc:datafield tag="504" ind1=" " ind2=" "><marc:subfield code="a">Includes bibliographical references and indexes.</marc:subfield></marc:datafield><marc:datafield tag="588" ind1="0" ind2=" "><marc:subfield code="a">Print version record.</marc:subfield></marc:datafield><marc:datafield tag="650" ind1=" " ind2="0"><marc:subfield code="a">Oligomers.</marc:subfield><marc:subfield code="0">http://id.loc.gov/authorities/subjects/sh90002180</marc:subfield></marc:datafield><marc:datafield tag="650" ind1=" " ind2="0"><marc:subfield code="a">Polymers.</marc:subfield><marc:subfield code="0">http://id.loc.gov/authorities/subjects/sh85104660</marc:subfield></marc:datafield><marc:datafield tag="650" ind1=" " ind2="0"><marc:subfield code="a">Supramolecular chemistry.</marc:subfield><marc:subfield code="0">http://id.loc.gov/authorities/subjects/sh00000385</marc:subfield></marc:datafield><marc:datafield tag="650" ind1=" " ind2="7"><marc:subfield code="a">Oligomers.</marc:subfield><marc:subfield code="2">fast</marc:subfield><marc:subfield code="0">(OCoLC)fst01045450</marc:subfield></marc:datafield><marc:datafield tag="650" ind1=" " ind2="7"><marc:subfield code="a">Polymers.</marc:subfield><marc:subfield code="2">fast</marc:subfield><marc:subfield code="0">(OCoLC)fst01070588</marc:subfield></marc:datafield><marc:datafield tag="650" ind1=" " ind2="7"><marc:subfield code="a">Supramolecular chemistry.</marc:subfield><marc:subfield code="2">fast</marc:subfield><marc:subfield code="0">(OCoLC)fst01139159</marc:subfield></marc:datafield><marc:datafield tag="700" ind1="1" ind2=" "><marc:subfield code="a">Donnio, B.</marc:subfield><marc:subfield code="q">(Bertrand)</marc:subfield><marc:subfield code="0">http://id.loc.gov/authorities/names/nb2006015905</marc:subfield></marc:datafield><marc:datafield tag="730" ind1="0" ind2=" "><marc:subfield code="a">Springer book archives.</marc:subfield></marc:datafield><marc:datafield tag="773" ind1="0" ind2=" "><marc:subfield code="t">Springer e-books</marc:subfield></marc:datafield><marc:datafield tag="776" ind1="0" ind2="8"><marc:subfield code="i">Print version:</marc:subfield><marc:subfield code="t">Supramolecular polymers polymeric betains oligomers.</marc:subfield><marc:subfield code="d">Berlin ; New York : Springer, ©2006</marc:subfield><marc:subfield code="z">3540319239</marc:subfield><marc:subfield code="z">9783540319238</marc:subfield><marc:subfield code="w">(DLC)  2006921403</marc:subfield><marc:subfield code="w">(OCoLC)70249328</marc:subfield></marc:datafield><marc:datafield tag="830" ind1=" " ind2="0"><marc:subfield code="a">Advances in polymer science ;</marc:subfield><marc:subfield code="v">201.</marc:subfield><marc:subfield code="x">0065-3195</marc:subfield></marc:datafield><marc:datafield tag="856" ind1="4" ind2="0"><marc:subfield code="u">http://link.springer.com/10.1007/11614784</marc:subfield></marc:datafield></marc:record>
</marc:collection>
